;; -*- mode: org; mode: beancount; -*-
;; Birth: 1980-05-12
;; Dates: 2020-01-01 - 2022-06-29
;; THIS FILE HAS BEEN AUTO-GENERATED.
* Options

option "title" "Example Beancount file"
option "operating_currency" "USD"




* Commodities


1792-01-01 commodity USD
  export: "CASH"
  name: "US Dollar"

1900-01-01 commodity VMMXX
  export: "MUTF:VMMXX (MONEY:USD)"

1980-05-12 commodity VACHR
  export: "IGNORE"
  name: "Employer Vacation Hours"

1980-05-12 commodity IRAUSD
  export: "IGNORE"
  name: "US 401k and IRA Contributions"

1995-09-18 commodity VBMPX
  export: "MUTF:VBMPX"
  name: "Vanguard Total Bond Market Index Fund Institutional Plus Shares"
  price: "USD:google/MUTF:VBMPX"

2004-01-20 commodity ITOT
  export: "NYSEARCA:ITOT"
  name: "iShares Core S&P Total U.S. Stock Market ETF"
  price: "USD:google/NYSEARCA:ITOT"

2004-01-26 commodity VHT
  export: "NYSEARCA:VHT"
  name: "Vanguard Health Care ETF"
  price: "USD:google/NYSEARCA:VHT"

2004-11-01 commodity GLD
  export: "NYSEARCA:GLD"
  name: "SPDR Gold Trust (ETF)"
  price: "USD:google/NYSEARCA:GLD"

2007-07-20 commodity VEA
  export: "NYSEARCA:VEA"
  name: "Vanguard FTSE Developed Markets ETF"
  price: "USD:google/NYSEARCA:VEA"

2009-05-01 commodity RGAGX
  export: "MUTF:RGAGX"
  name: "American Funds The Growth Fund of America Class R-6"
  price: "USD:google/MUTF:RGAGX"



* Equity Accounts

1980-05-12 open Equity:Opening-Balances
1980-05-12 open Liabilities:AccountsPayable



* Banking

2020-01-01 open Assets:US:BofA
  address: "123 America Street, LargeTown, USA"
  institution: "Bank of America"
  phone: "+1.012.345.6789"
2020-01-01 open Assets:US:BofA:Checking                        USD
  account: "00234-48574897"

2020-01-01 * "Opening Balance for checking account"
  Assets:US:BofA:Checking                         2983.52 USD
  Equity:Opening-Balances                        -2983.52 USD

2020-01-02 balance Assets:US:BofA:Checking        2983.52 USD

2020-01-04 * "BANK FEES" "Monthly bank fee"
  Assets:US:BofA:Checking                           -4.00 USD
  Expenses:Financial:Fees                            4.00 USD

2020-01-06 * "RiverBank Properties" "Paying the rent"
  Assets:US:BofA:Checking                        -2400.00 USD
  Expenses:Home:Rent                              2400.00 USD

2020-01-09 * "EDISON POWER" ""
  Assets:US:BofA:Checking                          -65.00 USD
  Expenses:Home:Electricity                         65.00 USD

2020-01-18 * "Verizon Wireless" ""
  Assets:US:BofA:Checking                          -62.52 USD
  Expenses:Home:Phone                               62.52 USD

2020-01-23 * "Wine-Tarner Cable" ""
  Assets:US:BofA:Checking                          -80.08 USD
  Expenses:Home:Internet                            80.08 USD

2020-01-26 balance Assets:US:BofA:Checking        2953.07 USD

2020-02-03 * "RiverBank Properties" "Paying the rent"
  Assets:US:BofA:Checking                        -2400.00 USD
  Expenses:Home:Rent                              2400.00 USD

2020-02-04 * "BANK FEES" "Monthly bank fee"
  Assets:US:BofA:Checking                           -4.00 USD
  Expenses:Financial:Fees                            4.00 USD

2020-02-08 * "EDISON POWER" ""
  Assets:US:BofA:Checking                          -65.00 USD
  Expenses:Home:Electricity                         65.00 USD

2020-02-18 * "Verizon Wireless" ""
  Assets:US:BofA:Checking                          -44.87 USD
  Expenses:Home:Phone                               44.87 USD

2020-02-19 balance Assets:US:BofA:Checking        2521.56 USD

2020-02-22 * "Wine-Tarner Cable" ""
  Assets:US:BofA:Checking                          -80.03 USD
  Expenses:Home:Internet                            80.03 USD

2020-03-04 * "BANK FEES" "Monthly bank fee"
  Assets:US:BofA:Checking                           -4.00 USD
  Expenses:Financial:Fees                            4.00 USD

2020-03-04 * "RiverBank Properties" "Paying the rent"
  Assets:US:BofA:Checking                        -2400.00 USD
  Expenses:Home:Rent                              2400.00 USD

2020-03-09 * "EDISON POWER" ""
  Assets:US:BofA:Checking                          -65.00 USD
  Expenses:Home:Electricity                         65.00 USD

2020-03-18 * "Verizon Wireless" ""
  Assets:US:BofA:Checking                          -48.89 USD
  Expenses:Home:Phone                               48.89 USD

2020-03-19 balance Assets:US:BofA:Checking        2051.96 USD

2020-03-22 * "Wine-Tarner Cable" ""
  Assets:US:BofA:Checking                          -80.13 USD
  Expenses:Home:Internet                            80.13 USD

2020-04-04 * "BANK FEES" "Monthly bank fee"
  Assets:US:BofA:Checking                           -4.00 USD
  Expenses:Financial:Fees                            4.00 USD

2020-04-04 * "RiverBank Properties" "Paying the rent"
  Assets:US:BofA:Checking                        -2400.00 USD
  Expenses:Home:Rent                              2400.00 USD

2020-04-09 * "EDISON POWER" ""
  Assets:US:BofA:Checking                          -65.00 USD
  Expenses:Home:Electricity                         65.00 USD

2020-04-18 balance Assets:US:BofA:Checking        1609.86 USD

2020-04-19 * "Verizon Wireless" ""
  Assets:US:BofA:Checking                          -64.96 USD
  Expenses:Home:Phone                               64.96 USD

2020-04-21 * "Wine-Tarner Cable" ""
  Assets:US:BofA:Checking                          -79.98 USD
  Expenses:Home:Internet                            79.98 USD

2020-05-04 * "BANK FEES" "Monthly bank fee"
  Assets:US:BofA:Checking                           -4.00 USD
  Expenses:Financial:Fees                            4.00 USD

2020-05-04 * "RiverBank Properties" "Paying the rent"
  Assets:US:BofA:Checking                        -2400.00 USD
  Expenses:Home:Rent                              2400.00 USD

2020-05-08 * "EDISON POWER" ""
  Assets:US:BofA:Checking                          -65.00 USD
  Expenses:Home:Electricity                         65.00 USD

2020-05-10 balance Assets:US:BofA:Checking        1201.89 USD

2020-05-18 * "Verizon Wireless" ""
  Assets:US:BofA:Checking                          -76.80 USD
  Expenses:Home:Phone                               76.80 USD

2020-05-22 * "Wine-Tarner Cable" ""
  Assets:US:BofA:Checking                          -79.95 USD
  Expenses:Home:Internet                            79.95 USD

2020-06-04 * "BANK FEES" "Monthly bank fee"
  Assets:US:BofA:Checking                           -4.00 USD
  Expenses:Financial:Fees                            4.00 USD

2020-06-04 * "RiverBank Properties" "Paying the rent"
  Assets:US:BofA:Checking                        -2400.00 USD
  Expenses:Home:Rent                              2400.00 USD

2020-06-07 balance Assets:US:BofA:Checking        1342.34 USD

2020-06-08 * "EDISON POWER" ""
  Assets:US:BofA:Checking                          -65.00 USD
  Expenses:Home:Electricity                         65.00 USD

2020-06-19 * "Verizon Wireless" ""
  Assets:US:BofA:Checking                          -59.65 USD
  Expenses:Home:Phone                               59.65 USD

2020-06-21 * "Wine-Tarner Cable" ""
  Assets:US:BofA:Checking                          -80.01 USD
  Expenses:Home:Internet                            80.01 USD

2020-07-04 * "BANK FEES" "Monthly bank fee"
  Assets:US:BofA:Checking                           -4.00 USD
  Expenses:Financial:Fees                            4.00 USD

2020-07-05 balance Assets:US:BofA:Checking        2975.31 USD

2020-07-05 * "RiverBank Properties" "Paying the rent"
  Assets:US:BofA:Checking                        -2400.00 USD
  Expenses:Home:Rent                              2400.00 USD

2020-07-09 * "EDISON POWER" ""
  Assets:US:BofA:Checking                          -65.00 USD
  Expenses:Home:Electricity                         65.00 USD

2020-07-18 * "Verizon Wireless" ""
  Assets:US:BofA:Checking                          -61.99 USD
  Expenses:Home:Phone                               61.99 USD

2020-07-22 * "Wine-Tarner Cable" ""
  Assets:US:BofA:Checking                          -80.02 USD
  Expenses:Home:Internet                            80.02 USD

2020-07-27 balance Assets:US:BofA:Checking        1208.59 USD

2020-08-04 * "BANK FEES" "Monthly bank fee"
  Assets:US:BofA:Checking                           -4.00 USD
  Expenses:Financial:Fees                            4.00 USD

2020-08-05 * "RiverBank Properties" "Paying the rent"
  Assets:US:BofA:Checking                        -2400.00 USD
  Expenses:Home:Rent                              2400.00 USD

2020-08-08 * "EDISON POWER" ""
  Assets:US:BofA:Checking                          -65.00 USD
  Expenses:Home:Electricity                         65.00 USD

2020-08-18 * "Verizon Wireless" ""
  Assets:US:BofA:Checking                          -57.30 USD
  Expenses:Home:Phone                               57.30 USD

2020-08-21 balance Assets:US:BofA:Checking        2684.15 USD

2020-08-22 * "Wine-Tarner Cable" ""
  Assets:US:BofA:Checking                          -79.95 USD
  Expenses:Home:Internet                            79.95 USD

2020-09-04 * "BANK FEES" "Monthly bank fee"
  Assets:US:BofA:Checking                           -4.00 USD
  Expenses:Financial:Fees                            4.00 USD

2020-09-05 * "RiverBank Properties" "Paying the rent"
  Assets:US:BofA:Checking                        -2400.00 USD
  Expenses:Home:Rent                              2400.00 USD

2020-09-08 * "EDISON POWER" ""
  Assets:US:BofA:Checking                          -65.00 USD
  Expenses:Home:Electricity                         65.00 USD

2020-09-11 * "Transfering accumulated savings to other account"
  Assets:US:BofA:Checking                           -4000 USD
  Assets:US:ETrade:Cash                              4000 USD

2020-09-13 balance Assets:US:BofA:Checking         495.28 USD

2020-09-19 * "Verizon Wireless" ""
  Assets:US:BofA:Checking                          -52.79 USD
  Expenses:Home:Phone                               52.79 USD

2020-09-21 * "Wine-Tarner Cable" ""
  Assets:US:BofA:Checking                          -79.86 USD
  Expenses:Home:Internet                            79.86 USD

2020-10-03 balance Assets:US:BofA:Checking        2913.23 USD

2020-10-03 * "RiverBank Properties" "Paying the rent"
  Assets:US:BofA:Checking                        -2400.00 USD
  Expenses:Home:Rent                              2400.00 USD

2020-10-04 * "BANK FEES" "Monthly bank fee"
  Assets:US:BofA:Checking                           -4.00 USD
  Expenses:Financial:Fees                            4.00 USD

2020-10-08 * "EDISON POWER" ""
  Assets:US:BofA:Checking                          -65.00 USD
  Expenses:Home:Electricity                         65.00 USD

2020-10-20 * "Verizon Wireless" ""
  Assets:US:BofA:Checking                          -72.66 USD
  Expenses:Home:Phone                               72.66 USD

2020-10-23 * "Wine-Tarner Cable" ""
  Assets:US:BofA:Checking                          -80.04 USD
  Expenses:Home:Internet                            80.04 USD

2020-10-30 balance Assets:US:BofA:Checking        4850.62 USD

2020-11-04 * "BANK FEES" "Monthly bank fee"
  Assets:US:BofA:Checking                           -4.00 USD
  Expenses:Financial:Fees                            4.00 USD

2020-11-04 * "RiverBank Properties" "Paying the rent"
  Assets:US:BofA:Checking                        -2400.00 USD
  Expenses:Home:Rent                              2400.00 USD

2020-11-06 * "Transfering accumulated savings to other account"
  Assets:US:BofA:Checking                           -4000 USD
  Assets:US:ETrade:Cash                              4000 USD

2020-11-08 * "EDISON POWER" ""
  Assets:US:BofA:Checking                          -65.00 USD
  Expenses:Home:Electricity                         65.00 USD

2020-11-20 * "Verizon Wireless" ""
  Assets:US:BofA:Checking                          -57.21 USD
  Expenses:Home:Phone                               57.21 USD

2020-11-22 * "Wine-Tarner Cable" ""
  Assets:US:BofA:Checking                          -79.74 USD
  Expenses:Home:Internet                            79.74 USD

2020-11-29 balance Assets:US:BofA:Checking        2812.49 USD

2020-12-04 * "BANK FEES" "Monthly bank fee"
  Assets:US:BofA:Checking                           -4.00 USD
  Expenses:Financial:Fees                            4.00 USD

2020-12-05 * "RiverBank Properties" "Paying the rent"
  Assets:US:BofA:Checking                        -2400.00 USD
  Expenses:Home:Rent                              2400.00 USD

2020-12-09 * "EDISON POWER" ""
  Assets:US:BofA:Checking                          -65.00 USD
  Expenses:Home:Electricity                         65.00 USD

2020-12-19 * "Verizon Wireless" ""
  Assets:US:BofA:Checking                          -47.47 USD
  Expenses:Home:Phone                               47.47 USD

2020-12-20 balance Assets:US:BofA:Checking        5000.83 USD

2020-12-21 * "Wine-Tarner Cable" ""
  Assets:US:BofA:Checking                          -79.94 USD
  Expenses:Home:Internet                            79.94 USD

2021-01-04 * "BANK FEES" "Monthly bank fee"
  Assets:US:BofA:Checking                           -4.00 USD
  Expenses:Financial:Fees                            4.00 USD

2021-01-06 * "RiverBank Properties" "Paying the rent"
  Assets:US:BofA:Checking                        -2400.00 USD
  Expenses:Home:Rent                              2400.00 USD

2021-01-09 * "EDISON POWER" ""
  Assets:US:BofA:Checking                          -65.00 USD
  Expenses:Home:Electricity                         65.00 USD

2021-01-16 balance Assets:US:BofA:Checking        5977.55 USD

2021-01-19 * "Verizon Wireless" ""
  Assets:US:BofA:Checking                          -28.03 USD
  Expenses:Home:Phone                               28.03 USD

2021-01-21 * "Wine-Tarner Cable" ""
  Assets:US:BofA:Checking                          -80.01 USD
  Expenses:Home:Internet                            80.01 USD

2021-02-04 * "BANK FEES" "Monthly bank fee"
  Assets:US:BofA:Checking                           -4.00 USD
  Expenses:Financial:Fees                            4.00 USD

2021-02-06 * "RiverBank Properties" "Paying the rent"
  Assets:US:BofA:Checking                        -2400.00 USD
  Expenses:Home:Rent                              2400.00 USD

2021-02-08 balance Assets:US:BofA:Checking        4816.11 USD

2021-02-08 * "EDISON POWER" ""
  Assets:US:BofA:Checking                          -65.00 USD
  Expenses:Home:Electricity                         65.00 USD

2021-02-19 * "Verizon Wireless" ""
  Assets:US:BofA:Checking                          -71.71 USD
  Expenses:Home:Phone                               71.71 USD

2021-02-23 * "Wine-Tarner Cable" ""
  Assets:US:BofA:Checking                          -80.18 USD
  Expenses:Home:Internet                            80.18 USD

2021-03-04 * "BANK FEES" "Monthly bank fee"
  Assets:US:BofA:Checking                           -4.00 USD
  Expenses:Financial:Fees                            4.00 USD

2021-03-06 * "RiverBank Properties" "Paying the rent"
  Assets:US:BofA:Checking                        -2400.00 USD
  Expenses:Home:Rent                              2400.00 USD

2021-03-08 * "EDISON POWER" ""
  Assets:US:BofA:Checking                          -65.00 USD
  Expenses:Home:Electricity                         65.00 USD

2021-03-09 balance Assets:US:BofA:Checking        4232.22 USD

2021-03-20 * "Verizon Wireless" ""
  Assets:US:BofA:Checking                          -58.45 USD
  Expenses:Home:Phone                               58.45 USD

2021-03-22 * "Wine-Tarner Cable" ""
  Assets:US:BofA:Checking                          -80.18 USD
  Expenses:Home:Internet                            80.18 USD

2021-04-02 balance Assets:US:BofA:Checking        5502.27 USD

2021-04-04 * "BANK FEES" "Monthly bank fee"
  Assets:US:BofA:Checking                           -4.00 USD
  Expenses:Financial:Fees                            4.00 USD

2021-04-05 * "RiverBank Properties" "Paying the rent"
  Assets:US:BofA:Checking                        -2400.00 USD
  Expenses:Home:Rent                              2400.00 USD

2021-04-08 * "EDISON POWER" ""
  Assets:US:BofA:Checking                          -65.00 USD
  Expenses:Home:Electricity                         65.00 USD

2021-04-20 * "Verizon Wireless" ""
  Assets:US:BofA:Checking                          -67.58 USD
  Expenses:Home:Phone                               67.58 USD

2021-04-23 * "Wine-Tarner Cable" ""
  Assets:US:BofA:Checking                          -80.10 USD
  Expenses:Home:Internet                            80.10 USD

2021-04-28 balance Assets:US:BofA:Checking        5009.16 USD

2021-05-03 * "RiverBank Properties" "Paying the rent"
  Assets:US:BofA:Checking                        -2400.00 USD
  Expenses:Home:Rent                              2400.00 USD

2021-05-04 * "BANK FEES" "Monthly bank fee"
  Assets:US:BofA:Checking                           -4.00 USD
  Expenses:Financial:Fees                            4.00 USD

2021-05-08 * "EDISON POWER" ""
  Assets:US:BofA:Checking                          -65.00 USD
  Expenses:Home:Electricity                         65.00 USD

2021-05-19 * "Verizon Wireless" ""
  Assets:US:BofA:Checking                          -47.47 USD
  Expenses:Home:Phone                               47.47 USD

2021-05-21 * "Wine-Tarner Cable" ""
  Assets:US:BofA:Checking                          -79.85 USD
  Expenses:Home:Internet                            79.85 USD

2021-05-25 balance Assets:US:BofA:Checking        4461.21 USD

2021-06-04 * "BANK FEES" "Monthly bank fee"
  Assets:US:BofA:Checking                           -4.00 USD
  Expenses:Financial:Fees                            4.00 USD

2021-06-05 * "RiverBank Properties" "Paying the rent"
  Assets:US:BofA:Checking                        -2400.00 USD
  Expenses:Home:Rent                              2400.00 USD

2021-06-08 * "EDISON POWER" ""
  Assets:US:BofA:Checking                          -65.00 USD
  Expenses:Home:Electricity                         65.00 USD

2021-06-19 balance Assets:US:BofA:Checking        4178.16 USD

2021-06-19 * "Verizon Wireless" ""
  Assets:US:BofA:Checking                          -47.98 USD
  Expenses:Home:Phone                               47.98 USD

2021-06-23 * "Wine-Tarner Cable" ""
  Assets:US:BofA:Checking                          -80.00 USD
  Expenses:Home:Internet                            80.00 USD

2021-07-03 * "RiverBank Properties" "Paying the rent"
  Assets:US:BofA:Checking                        -2400.00 USD
  Expenses:Home:Rent                              2400.00 USD

2021-07-04 * "BANK FEES" "Monthly bank fee"
  Assets:US:BofA:Checking                           -4.00 USD
  Expenses:Financial:Fees                            4.00 USD

2021-07-09 * "EDISON POWER" ""
  Assets:US:BofA:Checking                          -65.00 USD
  Expenses:Home:Electricity                         65.00 USD

2021-07-15 balance Assets:US:BofA:Checking        2423.73 USD

2021-07-18 * "Verizon Wireless" ""
  Assets:US:BofA:Checking                          -65.79 USD
  Expenses:Home:Phone                               65.79 USD

2021-07-22 * "Wine-Tarner Cable" ""
  Assets:US:BofA:Checking                          -79.80 USD
  Expenses:Home:Internet                            79.80 USD

2021-08-04 * "BANK FEES" "Monthly bank fee"
  Assets:US:BofA:Checking                           -4.00 USD
  Expenses:Financial:Fees                            4.00 USD

2021-08-06 * "RiverBank Properties" "Paying the rent"
  Assets:US:BofA:Checking                        -2400.00 USD
  Expenses:Home:Rent                              2400.00 USD

2021-08-07 balance Assets:US:BofA:Checking        2575.34 USD

2021-08-08 * "EDISON POWER" ""
  Assets:US:BofA:Checking                          -65.00 USD
  Expenses:Home:Electricity                         65.00 USD

2021-08-13 * "Transfering accumulated savings to other account"
  Assets:US:BofA:Checking                           -3500 USD
  Assets:US:ETrade:Cash                              3500 USD

2021-08-19 * "Verizon Wireless" ""
  Assets:US:BofA:Checking                          -57.71 USD
  Expenses:Home:Phone                               57.71 USD

2021-08-22 * "Wine-Tarner Cable" ""
  Assets:US:BofA:Checking                          -80.01 USD
  Expenses:Home:Internet                            80.01 USD

2021-09-03 balance Assets:US:BofA:Checking        2808.50 USD

2021-09-03 * "RiverBank Properties" "Paying the rent"
  Assets:US:BofA:Checking                        -2400.00 USD
  Expenses:Home:Rent                              2400.00 USD

2021-09-04 * "BANK FEES" "Monthly bank fee"
  Assets:US:BofA:Checking                           -4.00 USD
  Expenses:Financial:Fees                            4.00 USD

2021-09-08 * "EDISON POWER" ""
  Assets:US:BofA:Checking                          -65.00 USD
  Expenses:Home:Electricity                         65.00 USD

2021-09-19 * "Verizon Wireless" ""
  Assets:US:BofA:Checking                          -69.81 USD
  Expenses:Home:Phone                               69.81 USD

2021-09-22 * "Wine-Tarner Cable" ""
  Assets:US:BofA:Checking                          -80.04 USD
  Expenses:Home:Internet                            80.04 USD

2021-09-27 balance Assets:US:BofA:Checking        4596.51 USD

2021-10-04 * "BANK FEES" "Monthly bank fee"
  Assets:US:BofA:Checking                           -4.00 USD
  Expenses:Financial:Fees                            4.00 USD

2021-10-06 * "RiverBank Properties" "Paying the rent"
  Assets:US:BofA:Checking                        -2400.00 USD
  Expenses:Home:Rent                              2400.00 USD

2021-10-08 * "Transfering accumulated savings to other account"
  Assets:US:BofA:Checking                           -3500 USD
  Assets:US:ETrade:Cash                              3500 USD

2021-10-09 * "EDISON POWER" ""
  Assets:US:BofA:Checking                          -65.00 USD
  Expenses:Home:Electricity                         65.00 USD

2021-10-18 * "Verizon Wireless" ""
  Assets:US:BofA:Checking                          -50.31 USD
  Expenses:Home:Phone                               50.31 USD

2021-10-22 * "Wine-Tarner Cable" ""
  Assets:US:BofA:Checking                          -80.12 USD
  Expenses:Home:Internet                            80.12 USD

2021-10-24 balance Assets:US:BofA:Checking        3016.48 USD

2021-11-03 * "RiverBank Properties" "Paying the rent"
  Assets:US:BofA:Checking                        -2400.00 USD
  Expenses:Home:Rent                              2400.00 USD

2021-11-04 * "BANK FEES" "Monthly bank fee"
  Assets:US:BofA:Checking                           -4.00 USD
  Expenses:Financial:Fees                            4.00 USD

2021-11-08 * "EDISON POWER" ""
  Assets:US:BofA:Checking                          -65.00 USD
  Expenses:Home:Electricity                         65.00 USD

2021-11-18 balance Assets:US:BofA:Checking        2595.87 USD

2021-11-19 * "Transfering accumulated savings to other account"
  Assets:US:BofA:Checking                           -4500 USD
  Assets:US:ETrade:Cash                              4500 USD

2021-11-20 * "Verizon Wireless" ""
  Assets:US:BofA:Checking                          -46.12 USD
  Expenses:Home:Phone                               46.12 USD

2021-11-22 * "Wine-Tarner Cable" ""
  Assets:US:BofA:Checking                          -79.96 USD
  Expenses:Home:Internet                            79.96 USD

2021-12-04 * "BANK FEES" "Monthly bank fee"
  Assets:US:BofA:Checking                           -4.00 USD
  Expenses:Financial:Fees                            4.00 USD

2021-12-06 * "RiverBank Properties" "Paying the rent"
  Assets:US:BofA:Checking                        -2400.00 USD
  Expenses:Home:Rent                              2400.00 USD

2021-12-09 balance Assets:US:BofA:Checking         450.44 USD

2021-12-09 * "EDISON POWER" ""
  Assets:US:BofA:Checking                          -65.00 USD
  Expenses:Home:Electricity                         65.00 USD

2021-12-20 * "Verizon Wireless" ""
  Assets:US:BofA:Checking                          -38.98 USD
  Expenses:Home:Phone                               38.98 USD

2021-12-22 * "Wine-Tarner Cable" ""
  Assets:US:BofA:Checking                          -79.94 USD
  Expenses:Home:Internet                            79.94 USD

2022-01-04 * "BANK FEES" "Monthly bank fee"
  Assets:US:BofA:Checking                           -4.00 USD
  Expenses:Financial:Fees                            4.00 USD

2022-01-05 balance Assets:US:BofA:Checking        5683.72 USD

2022-01-05 * "RiverBank Properties" "Paying the rent"
  Assets:US:BofA:Checking                        -2400.00 USD
  Expenses:Home:Rent                              2400.00 USD

2022-01-09 * "EDISON POWER" ""
  Assets:US:BofA:Checking                          -65.00 USD
  Expenses:Home:Electricity                         65.00 USD

2022-01-18 * "Verizon Wireless" ""
  Assets:US:BofA:Checking                          -67.74 USD
  Expenses:Home:Phone                               67.74 USD

2022-01-21 * "Wine-Tarner Cable" ""
  Assets:US:BofA:Checking                          -80.13 USD
  Expenses:Home:Internet                            80.13 USD

2022-01-26 balance Assets:US:BofA:Checking        3887.10 USD

2022-02-04 * "BANK FEES" "Monthly bank fee"
  Assets:US:BofA:Checking                           -4.00 USD
  Expenses:Financial:Fees                            4.00 USD

2022-02-06 * "RiverBank Properties" "Paying the rent"
  Assets:US:BofA:Checking                        -2400.00 USD
  Expenses:Home:Rent                              2400.00 USD

2022-02-08 * "EDISON POWER" ""
  Assets:US:BofA:Checking                          -65.00 USD
  Expenses:Home:Electricity                         65.00 USD

2022-02-18 * "Verizon Wireless" ""
  Assets:US:BofA:Checking                          -79.77 USD
  Expenses:Home:Phone                               79.77 USD

2022-02-22 * "Wine-Tarner Cable" ""
  Assets:US:BofA:Checking                          -80.05 USD
  Expenses:Home:Internet                            80.05 USD

2022-02-25 balance Assets:US:BofA:Checking        4579.20 USD

2022-03-04 * "BANK FEES" "Monthly bank fee"
  Assets:US:BofA:Checking                           -4.00 USD
  Expenses:Financial:Fees                            4.00 USD

2022-03-05 * "RiverBank Properties" "Paying the rent"
  Assets:US:BofA:Checking                        -2400.00 USD
  Expenses:Home:Rent                              2400.00 USD

2022-03-08 * "EDISON POWER" ""
  Assets:US:BofA:Checking                          -65.00 USD
  Expenses:Home:Electricity                         65.00 USD

2022-03-17 balance Assets:US:BofA:Checking        2760.20 USD

2022-03-19 * "Verizon Wireless" ""
  Assets:US:BofA:Checking                          -65.32 USD
  Expenses:Home:Phone                               65.32 USD

2022-03-23 * "Wine-Tarner Cable" ""
  Assets:US:BofA:Checking                          -80.09 USD
  Expenses:Home:Internet                            80.09 USD

2022-04-03 * "RiverBank Properties" "Paying the rent"
  Assets:US:BofA:Checking                        -2400.00 USD
  Expenses:Home:Rent                              2400.00 USD

2022-04-04 * "BANK FEES" "Monthly bank fee"
  Assets:US:BofA:Checking                           -4.00 USD
  Expenses:Financial:Fees                            4.00 USD

2022-04-08 * "EDISON POWER" ""
  Assets:US:BofA:Checking                          -65.00 USD
  Expenses:Home:Electricity                         65.00 USD

2022-04-14 balance Assets:US:BofA:Checking        1559.44 USD

2022-04-20 * "Verizon Wireless" ""
  Assets:US:BofA:Checking                          -66.27 USD
  Expenses:Home:Phone                               66.27 USD

2022-04-21 * "Wine-Tarner Cable" ""
  Assets:US:BofA:Checking                          -79.94 USD
  Expenses:Home:Internet                            79.94 USD

2022-05-04 * "BANK FEES" "Monthly bank fee"
  Assets:US:BofA:Checking                           -4.00 USD
  Expenses:Financial:Fees                            4.00 USD

2022-05-05 * "RiverBank Properties" "Paying the rent"
  Assets:US:BofA:Checking                        -2400.00 USD
  Expenses:Home:Rent                              2400.00 USD

2022-05-06 balance Assets:US:BofA:Checking        1710.43 USD

2022-05-09 * "EDISON POWER" ""
  Assets:US:BofA:Checking                          -65.00 USD
  Expenses:Home:Electricity                         65.00 USD

2022-05-19 * "Verizon Wireless" ""
  Assets:US:BofA:Checking                          -69.19 USD
  Expenses:Home:Phone                               69.19 USD

2022-05-22 * "Wine-Tarner Cable" ""
  Assets:US:BofA:Checking                          -80.08 USD
  Expenses:Home:Internet                            80.08 USD

2022-05-27 balance Assets:US:BofA:Checking        2205.04 USD

2022-06-03 * "Transfering accumulated savings to other account"
  Assets:US:BofA:Checking                           -3000 USD
  Assets:US:ETrade:Cash                              3000 USD

2022-06-04 * "BANK FEES" "Monthly bank fee"
  Assets:US:BofA:Checking                           -4.00 USD
  Expenses:Financial:Fees                            4.00 USD



* Credit-Cards

1980-05-12 open Liabilities:US:Chase:Slate                      USD

2020-01-04 * "Kin Soy" "Eating out with Julie"
  Liabilities:US:Chase:Slate                       -26.61 USD
  Expenses:Food:Restaurant                          26.61 USD

2020-01-05 * "Jewel of Morroco" "Eating out with Julie"
  Liabilities:US:Chase:Slate                       -54.57 USD
  Expenses:Food:Restaurant                          54.57 USD

2020-01-07 * "Chichipotle" "Eating out with Bill"
  Liabilities:US:Chase:Slate                       -13.95 USD
  Expenses:Food:Restaurant                          13.95 USD

2020-01-08 * "Chase:Slate" "Paying off credit card"
  Liabilities:US:Chase:Slate                       120.05 USD
  Assets:US:BofA:Checking                         -120.05 USD

2020-01-10 * "Kin Soy" "Eating out with Natasha"
  Liabilities:US:Chase:Slate                       -24.92 USD
  Expenses:Food:Restaurant                          24.92 USD

2020-01-12 * "Uncle Boons" "Eating out alone"
  Liabilities:US:Chase:Slate                       -12.92 USD
  Expenses:Food:Restaurant                          12.92 USD

2020-01-14 * "Uncle Boons" "Eating out with Natasha"
  Liabilities:US:Chase:Slate                       -42.68 USD
  Expenses:Food:Restaurant                          42.68 USD

2020-01-17 * "Jewel of Morroco" "Eating out "
  Liabilities:US:Chase:Slate                       -28.41 USD
  Expenses:Food:Restaurant                          28.41 USD

2020-01-18 * "Goba Goba" "Eating out with Joe"
  Liabilities:US:Chase:Slate                       -32.53 USD
  Expenses:Food:Restaurant                          32.53 USD

2020-01-20 * "Farmer Fresh" "Buying groceries"
  Liabilities:US:Chase:Slate                       -76.88 USD
  Expenses:Food:Groceries                           76.88 USD

2020-01-22 * "China Garden" "Eating out "
  Liabilities:US:Chase:Slate                       -31.95 USD
  Expenses:Food:Restaurant                          31.95 USD

2020-01-24 * "Kin Soy" "Eating out "
  Liabilities:US:Chase:Slate                       -38.36 USD
  Expenses:Food:Restaurant                          38.36 USD

2020-01-26 * "Corner Deli" "Buying groceries"
  Liabilities:US:Chase:Slate                       -82.26 USD
  Expenses:Food:Groceries                           82.26 USD

2020-01-29 * "Jewel of Morroco" "Eating out with Julie"
  Liabilities:US:Chase:Slate                       -42.40 USD
  Expenses:Food:Restaurant                          42.40 USD

2020-01-30 balance Liabilities:US:Chase:Slate     -388.39 USD

2020-02-01 * "Uncle Boons" "Eating out with Bill"
  Liabilities:US:Chase:Slate                       -17.14 USD
  Expenses:Food:Restaurant                          17.14 USD

2020-02-01 * "Metro Transport Authority" "Tram tickets"
  Liabilities:US:Chase:Slate                      -120.00 USD
  Expenses:Transport:Tram                          120.00 USD

2020-02-05 * "Cafe Modagor" "Eating out with Julie"
  Liabilities:US:Chase:Slate                       -24.08 USD
  Expenses:Food:Restaurant                          24.08 USD

2020-02-06 * "Rose Flower" "Eating out with Joe"
  Liabilities:US:Chase:Slate                       -34.52 USD
  Expenses:Food:Restaurant                          34.52 USD

2020-02-09 * "Chase:Slate" "Paying off credit card"
  Liabilities:US:Chase:Slate                       618.84 USD
  Assets:US:BofA:Checking                         -618.84 USD

2020-02-10 * "Chichipotle" "Eating out with Natasha"
  Liabilities:US:Chase:Slate                       -34.71 USD
  Expenses:Food:Restaurant                          34.71 USD

2020-02-13 * "Chichipotle" "Eating out "
  Liabilities:US:Chase:Slate                       -23.59 USD
  Expenses:Food:Restaurant                          23.59 USD

2020-02-13 * "Onion Market" "Buying groceries"
  Liabilities:US:Chase:Slate                       -68.42 USD
  Expenses:Food:Groceries                           68.42 USD

2020-02-18 * "Goba Goba" "Eating out "
  Liabilities:US:Chase:Slate                       -14.23 USD
  Expenses:Food:Restaurant                          14.23 USD

2020-02-20 * "Jewel of Morroco" "Eating out with work buddies"
  Liabilities:US:Chase:Slate                       -17.84 USD
  Expenses:Food:Restaurant                          17.84 USD

2020-02-23 * "Uncle Boons" "Eating out with Joe"
  Liabilities:US:Chase:Slate                       -17.44 USD
  Expenses:Food:Restaurant                          17.44 USD

2020-02-25 * "Uncle Boons" "Eating out with work buddies"
  Liabilities:US:Chase:Slate                       -58.08 USD
  Expenses:Food:Restaurant                          58.08 USD

2020-02-26 balance Liabilities:US:Chase:Slate     -199.60 USD

2020-02-27 * "Goba Goba" "Eating out alone"
  Liabilities:US:Chase:Slate                       -32.80 USD
  Expenses:Food:Restaurant                          32.80 USD

2020-02-29 * "Rose Flower" "Eating out after work"
  Liabilities:US:Chase:Slate                       -19.01 USD
  Expenses:Food:Restaurant                          19.01 USD

2020-03-02 * "Corner Deli" "Buying groceries"
  Liabilities:US:Chase:Slate                       -47.24 USD
  Expenses:Food:Groceries                           47.24 USD

2020-03-02 * "Metro Transport Authority" "Tram tickets"
  Liabilities:US:Chase:Slate                      -120.00 USD
  Expenses:Transport:Tram                          120.00 USD

2020-03-03 * "Chichipotle" "Eating out with Joe"
  Liabilities:US:Chase:Slate                       -40.23 USD
  Expenses:Food:Restaurant                          40.23 USD

2020-03-07 * "China Garden" "Eating out with work buddies"
  Liabilities:US:Chase:Slate                       -32.34 USD
  Expenses:Food:Restaurant                          32.34 USD

2020-03-08 * "Goba Goba" "Eating out after work"
  Liabilities:US:Chase:Slate                       -32.29 USD
  Expenses:Food:Restaurant                          32.29 USD

2020-03-09 * "China Garden" "Eating out with Joe"
  Liabilities:US:Chase:Slate                       -18.88 USD
  Expenses:Food:Restaurant                          18.88 USD

2020-03-11 * "Chichipotle" "Eating out with Julie"
  Liabilities:US:Chase:Slate                       -30.49 USD
  Expenses:Food:Restaurant                          30.49 USD

2020-03-11 * "Chase:Slate" "Paying off credit card"
  Liabilities:US:Chase:Slate                       572.88 USD
  Assets:US:BofA:Checking                         -572.88 USD

2020-03-14 * "Cafe Modagor" "Eating out after work"
  Liabilities:US:Chase:Slate                       -47.60 USD
  Expenses:Food:Restaurant                          47.60 USD

2020-03-16 * "Good Moods Market" "Buying groceries"
  Liabilities:US:Chase:Slate                       -78.54 USD
  Expenses:Food:Groceries                           78.54 USD

2020-03-17 * "Jewel of Morroco" "Eating out alone"
  Liabilities:US:Chase:Slate                       -18.78 USD
  Expenses:Food:Restaurant                          18.78 USD

2020-03-18 balance Liabilities:US:Chase:Slate     -144.92 USD

2020-03-18 * "Rose Flower" "Eating out after work"
  Liabilities:US:Chase:Slate                       -21.32 USD
  Expenses:Food:Restaurant                          21.32 USD

2020-03-19 * "Uncle Boons" "Eating out alone"
  Liabilities:US:Chase:Slate                       -13.13 USD
  Expenses:Food:Restaurant                          13.13 USD

2020-03-23 * "Goba Goba" "Eating out with Bill"
  Liabilities:US:Chase:Slate                       -44.64 USD
  Expenses:Food:Restaurant                          44.64 USD

2020-03-27 * "Good Moods Market" "Buying groceries"
  Liabilities:US:Chase:Slate                       -86.12 USD
  Expenses:Food:Groceries                           86.12 USD

2020-03-28 * "Kin Soy" "Eating out with Julie"
  Liabilities:US:Chase:Slate                       -20.02 USD
  Expenses:Food:Restaurant                          20.02 USD

2020-03-31 * "Metro Transport Authority" "Tram tickets"
  Liabilities:US:Chase:Slate                      -120.00 USD
  Expenses:Transport:Tram                          120.00 USD

2020-04-02 * "Uncle Boons" "Eating out with work buddies"
  Liabilities:US:Chase:Slate                       -16.83 USD
  Expenses:Food:Restaurant                          16.83 USD

2020-04-04 * "Good Moods Market" "Buying groceries"
  Liabilities:US:Chase:Slate                       -72.28 USD
  Expenses:Food:Groceries                           72.28 USD

2020-04-06 * "China Garden" "Eating out after work"
  Liabilities:US:Chase:Slate                       -41.25 USD
  Expenses:Food:Restaurant                          41.25 USD

2020-04-11 * "Uncle Boons" "Eating out alone"
  Liabilities:US:Chase:Slate                       -13.66 USD
  Expenses:Food:Restaurant                          13.66 USD

2020-04-11 * "Chase:Slate" "Paying off credit card"
  Liabilities:US:Chase:Slate                       594.17 USD
  Assets:US:BofA:Checking                         -594.17 USD

2020-04-12 balance Liabilities:US:Chase:Slate           0 USD

2020-04-15 * "Uncle Boons" "Eating out "
  Liabilities:US:Chase:Slate                       -33.26 USD
  Expenses:Food:Restaurant                          33.26 USD

2020-04-16 * "China Garden" "Eating out "
  Liabilities:US:Chase:Slate                       -44.97 USD
  Expenses:Food:Restaurant                          44.97 USD

2020-04-19 * "Goba Goba" "Eating out with Natasha"
  Liabilities:US:Chase:Slate                       -21.11 USD
  Expenses:Food:Restaurant                          21.11 USD

2020-04-22 * "Corner Deli" "Buying groceries"
  Liabilities:US:Chase:Slate                      -107.39 USD
  Expenses:Food:Groceries                          107.39 USD

2020-04-23 * "Goba Goba" "Eating out with Joe"
  Liabilities:US:Chase:Slate                       -25.29 USD
  Expenses:Food:Restaurant                          25.29 USD

2020-04-26 * "Chichipotle" "Eating out with Bill"
  Liabilities:US:Chase:Slate                       -15.07 USD
  Expenses:Food:Restaurant                          15.07 USD

2020-05-01 * "Chichipotle" "Eating out with Julie"
  Liabilities:US:Chase:Slate                       -38.89 USD
  Expenses:Food:Restaurant                          38.89 USD

2020-05-01 * "Metro Transport Authority" "Tram tickets"
  Liabilities:US:Chase:Slate                      -120.00 USD
  Expenses:Transport:Tram                          120.00 USD

2020-05-02 * "Uncle Boons" "Eating out with Bill"
  Liabilities:US:Chase:Slate                       -31.89 USD
  Expenses:Food:Restaurant                          31.89 USD

2020-05-04 * "China Garden" "Eating out with Bill"
  Liabilities:US:Chase:Slate                       -16.85 USD
  Expenses:Food:Restaurant                          16.85 USD

2020-05-05 * "Cafe Modagor" "Eating out with Julie"
  Liabilities:US:Chase:Slate                       -12.02 USD
  Expenses:Food:Restaurant                          12.02 USD

2020-05-06 balance Liabilities:US:Chase:Slate     -466.74 USD

2020-05-08 * "Chichipotle" "Eating out with Joe"
  Liabilities:US:Chase:Slate                       -28.49 USD
  Expenses:Food:Restaurant                          28.49 USD

2020-05-08 * "Chase:Slate" "Paying off credit card"
  Liabilities:US:Chase:Slate                       495.23 USD
  Assets:US:BofA:Checking                         -495.23 USD

2020-05-10 * "Chichipotle" "Eating out with work buddies"
  Liabilities:US:Chase:Slate                       -20.91 USD
  Expenses:Food:Restaurant                          20.91 USD

2020-05-12 * "Onion Market" "Buying groceries"
  Liabilities:US:Chase:Slate                       -70.56 USD
  Expenses:Food:Groceries                           70.56 USD

2020-05-15 * "Cafe Modagor" "Eating out with Joe"
  Liabilities:US:Chase:Slate                       -48.24 USD
  Expenses:Food:Restaurant                          48.24 USD

2020-05-18 * "Uncle Boons" "Eating out with Joe"
  Liabilities:US:Chase:Slate                       -66.79 USD
  Expenses:Food:Restaurant                          66.79 USD

2020-05-19 * "Corner Deli" "Buying groceries"
  Liabilities:US:Chase:Slate                       -60.66 USD
  Expenses:Food:Groceries                           60.66 USD

2020-05-22 * "Uncle Boons" "Eating out "
  Liabilities:US:Chase:Slate                       -11.76 USD
  Expenses:Food:Restaurant                          11.76 USD

2020-05-23 * "Goba Goba" "Eating out "
  Liabilities:US:Chase:Slate                       -38.70 USD
  Expenses:Food:Restaurant                          38.70 USD

2020-05-24 * "Jewel of Morroco" "Eating out with Natasha"
  Liabilities:US:Chase:Slate                       -40.91 USD
  Expenses:Food:Restaurant                          40.91 USD

2020-05-26 balance Liabilities:US:Chase:Slate     -358.53 USD

2020-05-27 * "Goba Goba" "Eating out with Joe"
  Liabilities:US:Chase:Slate                       -34.88 USD
  Expenses:Food:Restaurant                          34.88 USD

2020-05-28 * "Jewel of Morroco" "Eating out with Joe"
  Liabilities:US:Chase:Slate                       -30.86 USD
  Expenses:Food:Restaurant                          30.86 USD

2020-05-30 * "Uncle Boons" "Eating out "
  Liabilities:US:Chase:Slate                       -56.93 USD
  Expenses:Food:Restaurant                          56.93 USD

2020-05-31 * "Corner Deli" "Buying groceries"
  Liabilities:US:Chase:Slate                       -59.81 USD
  Expenses:Food:Groceries                           59.81 USD

2020-06-01 * "Kin Soy" "Eating out alone"
  Liabilities:US:Chase:Slate                       -16.71 USD
  Expenses:Food:Restaurant                          16.71 USD

2020-06-02 * "Uncle Boons" "Eating out with Natasha"
  Liabilities:US:Chase:Slate                       -23.72 USD
  Expenses:Food:Restaurant                          23.72 USD

2020-06-03 * "Metro Transport Authority" "Tram tickets"
  Liabilities:US:Chase:Slate                      -120.00 USD
  Expenses:Transport:Tram                          120.00 USD

2020-06-04 * "Goba Goba" "Eating out "
  Liabilities:US:Chase:Slate                       -38.17 USD
  Expenses:Food:Restaurant                          38.17 USD

2020-06-05 * "Goba Goba" "Eating out alone"
  Liabilities:US:Chase:Slate                       -51.95 USD
  Expenses:Food:Restaurant                          51.95 USD

2020-06-07 * "Kin Soy" "Eating out alone"
  Liabilities:US:Chase:Slate                       -25.78 USD
  Expenses:Food:Restaurant                          25.78 USD

2020-06-09 * "Chichipotle" "Eating out with work buddies"
  Liabilities:US:Chase:Slate                       -29.84 USD
  Expenses:Food:Restaurant                          29.84 USD

2020-06-10 * "Chase:Slate" "Paying off credit card"
  Liabilities:US:Chase:Slate                       859.57 USD
  Assets:US:BofA:Checking                         -859.57 USD

2020-06-14 * "Jewel of Morroco" "Eating out with Bill"
  Liabilities:US:Chase:Slate                       -12.39 USD
  Expenses:Food:Restaurant                          12.39 USD

2020-06-15 * "Onion Market" "Buying groceries"
  Liabilities:US:Chase:Slate                       -69.43 USD
  Expenses:Food:Groceries                           69.43 USD

2020-06-19 * "Jewel of Morroco" "Eating out with Natasha"
  Liabilities:US:Chase:Slate                       -70.02 USD
  Expenses:Food:Restaurant                          70.02 USD

2020-06-21 balance Liabilities:US:Chase:Slate     -139.45 USD

2020-06-21 * "Jewel of Morroco" "Eating out "
  Liabilities:US:Chase:Slate                       -22.99 USD
  Expenses:Food:Restaurant                          22.99 USD

2020-06-24 * "Chichipotle" "Eating out alone"
  Liabilities:US:Chase:Slate                       -53.09 USD
  Expenses:Food:Restaurant                          53.09 USD

2020-06-27 * "Uncle Boons" "Eating out after work"
  Liabilities:US:Chase:Slate                       -23.91 USD
  Expenses:Food:Restaurant                          23.91 USD

2020-06-30 * "China Garden" "Eating out with work buddies"
  Liabilities:US:Chase:Slate                       -36.90 USD
  Expenses:Food:Restaurant                          36.90 USD

2020-07-03 * "China Garden" "Eating out "
  Liabilities:US:Chase:Slate                       -17.11 USD
  Expenses:Food:Restaurant                          17.11 USD

2020-07-05 * "Farmer Fresh" "Buying groceries"
  Liabilities:US:Chase:Slate                       -80.64 USD
  Expenses:Food:Groceries                           80.64 USD

2020-07-05 * "Metro Transport Authority" "Tram tickets"
  Liabilities:US:Chase:Slate                      -120.00 USD
  Expenses:Transport:Tram                          120.00 USD

2020-07-07 * "Chase:Slate" "Paying off credit card"
  Liabilities:US:Chase:Slate                       510.31 USD
  Assets:US:BofA:Checking                         -510.31 USD

2020-07-08 * "Jewel of Morroco" "Eating out after work"
  Liabilities:US:Chase:Slate                       -16.22 USD
  Expenses:Food:Restaurant                          16.22 USD

2020-07-12 * "Jewel of Morroco" "Eating out with Bill"
  Liabilities:US:Chase:Slate                       -35.31 USD
  Expenses:Food:Restaurant                          35.31 USD

2020-07-15 * "Jewel of Morroco" "Eating out with Julie"
  Liabilities:US:Chase:Slate                       -32.99 USD
  Expenses:Food:Restaurant                          32.99 USD

2020-07-18 balance Liabilities:US:Chase:Slate      -68.30 USD

2020-07-20 * "Uncle Boons" "Eating out after work"
  Liabilities:US:Chase:Slate                       -24.47 USD
  Expenses:Food:Restaurant                          24.47 USD

2020-07-23 * "Cafe Modagor" "Eating out after work"
  Liabilities:US:Chase:Slate                       -56.63 USD
  Expenses:Food:Restaurant                          56.63 USD

2020-07-24 * "Chichipotle" "Eating out with Joe"
  Liabilities:US:Chase:Slate                       -12.57 USD
  Expenses:Food:Restaurant                          12.57 USD

2020-07-24 * "Good Moods Market" "Buying groceries"
  Liabilities:US:Chase:Slate                      -106.90 USD
  Expenses:Food:Groceries                          106.90 USD

2020-07-29 * "Rose Flower" "Eating out with work buddies"
  Liabilities:US:Chase:Slate                       -51.68 USD
  Expenses:Food:Restaurant                          51.68 USD

2020-08-01 * "Rose Flower" "Eating out with Bill"
  Liabilities:US:Chase:Slate                       -22.01 USD
  Expenses:Food:Restaurant                          22.01 USD

2020-08-02 * "Cafe Modagor" "Eating out with Julie"
  Liabilities:US:Chase:Slate                       -37.56 USD
  Expenses:Food:Restaurant                          37.56 USD

2020-08-03 * "Goba Goba" "Eating out "
  Liabilities:US:Chase:Slate                       -43.29 USD
  Expenses:Food:Restaurant                          43.29 USD

2020-08-04 * "Metro Transport Authority" "Tram tickets"
  Liabilities:US:Chase:Slate                      -120.00 USD
  Expenses:Transport:Tram                          120.00 USD

2020-08-05 * "Goba Goba" "Eating out with Natasha"
  Liabilities:US:Chase:Slate                       -27.08 USD
  Expenses:Food:Restaurant                          27.08 USD

2020-08-07 * "Goba Goba" "Eating out alone"
  Liabilities:US:Chase:Slate                       -28.85 USD
  Expenses:Food:Restaurant                          28.85 USD

2020-08-07 * "Chase:Slate" "Paying off credit card"
  Liabilities:US:Chase:Slate                       599.34 USD
  Assets:US:BofA:Checking                         -599.34 USD

2020-08-08 balance Liabilities:US:Chase:Slate           0 USD

2020-08-09 * "Good Moods Market" "Buying groceries"
  Liabilities:US:Chase:Slate                       -99.44 USD
  Expenses:Food:Groceries                           99.44 USD

2020-08-12 * "China Garden" "Eating out "
  Liabilities:US:Chase:Slate                       -24.91 USD
  Expenses:Food:Restaurant                          24.91 USD

2020-08-15 * "Goba Goba" "Eating out "
  Liabilities:US:Chase:Slate                       -41.55 USD
  Expenses:Food:Restaurant                          41.55 USD

2020-08-18 * "Uncle Boons" "Eating out after work"
  Liabilities:US:Chase:Slate                       -26.49 USD
  Expenses:Food:Restaurant                          26.49 USD

2020-08-19 * "Rose Flower" "Eating out with Bill"
  Liabilities:US:Chase:Slate                       -29.92 USD
  Expenses:Food:Restaurant                          29.92 USD

2020-08-23 * "Uncle Boons" "Eating out with work buddies"
  Liabilities:US:Chase:Slate                       -35.94 USD
  Expenses:Food:Restaurant                          35.94 USD

2020-08-23 * "Onion Market" "Buying groceries"
  Liabilities:US:Chase:Slate                       -67.68 USD
  Expenses:Food:Groceries                           67.68 USD

2020-08-24 * "Cafe Modagor" "Eating out with Joe"
  Liabilities:US:Chase:Slate                       -33.02 USD
  Expenses:Food:Restaurant                          33.02 USD

2020-08-26 * "Goba Goba" "Eating out with Julie"
  Liabilities:US:Chase:Slate                       -23.38 USD
  Expenses:Food:Restaurant                          23.38 USD

2020-08-28 * "Uncle Boons" "Eating out alone"
  Liabilities:US:Chase:Slate                       -17.50 USD
  Expenses:Food:Restaurant                          17.50 USD

2020-08-29 balance Liabilities:US:Chase:Slate     -399.83 USD

2020-08-29 * "Cafe Modagor" "Eating out alone"
  Liabilities:US:Chase:Slate                       -38.39 USD
  Expenses:Food:Restaurant                          38.39 USD

2020-08-31 * "Metro Transport Authority" "Tram tickets"
  Liabilities:US:Chase:Slate                      -120.00 USD
  Expenses:Transport:Tram                          120.00 USD

2020-09-01 * "Onion Market" "Buying groceries"
  Liabilities:US:Chase:Slate                       -56.36 USD
  Expenses:Food:Groceries                           56.36 USD

2020-09-02 * "China Garden" "Eating out with Julie"
  Liabilities:US:Chase:Slate                       -32.60 USD
  Expenses:Food:Restaurant                          32.60 USD

2020-09-07 * "Goba Goba" "Eating out with Natasha"
  Liabilities:US:Chase:Slate                       -14.54 USD
  Expenses:Food:Restaurant                          14.54 USD

2020-09-09 * "Chase:Slate" "Paying off credit card"
  Liabilities:US:Chase:Slate                       741.12 USD
  Assets:US:BofA:Checking                         -741.12 USD

2020-09-11 * "Rose Flower" "Eating out "
  Liabilities:US:Chase:Slate                       -79.40 USD
  Expenses:Food:Restaurant                          79.40 USD

2020-09-12 * "Chichipotle" "Eating out with Joe"
  Liabilities:US:Chase:Slate                       -16.04 USD
  Expenses:Food:Restaurant                          16.04 USD

2020-09-13 * "Corner Deli" "Buying groceries"
  Liabilities:US:Chase:Slate                       -57.15 USD
  Expenses:Food:Groceries                           57.15 USD

2020-09-15 * "Jewel of Morroco" "Eating out after work"
  Liabilities:US:Chase:Slate                       -12.89 USD
  Expenses:Food:Restaurant                          12.89 USD

2020-09-19 balance Liabilities:US:Chase:Slate      -86.08 USD

2020-09-20 * "Uncle Boons" "Eating out "
  Liabilities:US:Chase:Slate                       -31.74 USD
  Expenses:Food:Restaurant                          31.74 USD

2020-09-24 * "Kin Soy" "Eating out with Julie"
  Liabilities:US:Chase:Slate                       -21.90 USD
  Expenses:Food:Restaurant                          21.90 USD

2020-09-27 * "Chichipotle" "Eating out with Natasha"
  Liabilities:US:Chase:Slate                       -40.71 USD
  Expenses:Food:Restaurant                          40.71 USD

2020-09-28 * "Metro Transport Authority" "Tram tickets"
  Liabilities:US:Chase:Slate                      -120.00 USD
  Expenses:Transport:Tram                          120.00 USD

2020-09-29 * "Chichipotle" "Eating out with Bill"
  Liabilities:US:Chase:Slate                       -58.21 USD
  Expenses:Food:Restaurant                          58.21 USD

2020-09-30 * "Good Moods Market" "Buying groceries"
  Liabilities:US:Chase:Slate                       -75.66 USD
  Expenses:Food:Groceries                           75.66 USD

2020-10-02 * "Uncle Boons" "Eating out with Natasha"
  Liabilities:US:Chase:Slate                       -11.72 USD
  Expenses:Food:Restaurant                          11.72 USD

2020-10-04 * "Rose Flower" "Eating out alone"
  Liabilities:US:Chase:Slate                       -35.74 USD
  Expenses:Food:Restaurant                          35.74 USD

2020-10-05 * "Rose Flower" "Eating out with Bill"
  Liabilities:US:Chase:Slate                       -29.42 USD
  Expenses:Food:Restaurant                          29.42 USD

2020-10-08 * "Chase:Slate" "Paying off credit card"
  Liabilities:US:Chase:Slate                       542.11 USD
  Assets:US:BofA:Checking                         -542.11 USD

2020-10-09 event "location" "Los Angeles"

2020-10-10 * "Dupar's" "" #trip-los-angeles-2020
  Liabilities:US:Chase:Slate                       -29.32 USD
  Expenses:Food:Restaurant                          29.32 USD

2020-10-10 * "Pampas Grill" "" #trip-los-angeles-2020
  Liabilities:US:Chase:Slate                       -27.15 USD
  Expenses:Food:Restaurant                          27.15 USD

2020-10-10 * "Starbucks" "" #trip-los-angeles-2020
  Liabilities:US:Chase:Slate                        -5.24 USD
  Expenses:Food:Coffee                               5.24 USD

2020-10-10 * "E.B.'s Beer and Wine" "" #trip-los-angeles-2020
  Liabilities:US:Chase:Slate                       -10.53 USD
  Expenses:Food:Alcohol                             10.53 USD

2020-10-11 * "Banana Leaf" "" #trip-los-angeles-2020
  Liabilities:US:Chase:Slate                       -22.90 USD
  Expenses:Food:Restaurant                          22.90 USD

2020-10-11 * "Chipotle" "" #trip-los-angeles-2020
  Liabilities:US:Chase:Slate                       -15.12 USD
  Expenses:Food:Restaurant                          15.12 USD

2020-10-12 * "Pampas Grill" "" #trip-los-angeles-2020
  Liabilities:US:Chase:Slate                       -27.04 USD
  Expenses:Food:Restaurant                          27.04 USD

2020-10-12 * "Chipotle" "" #trip-los-angeles-2020
  Liabilities:US:Chase:Slate                       -16.22 USD
  Expenses:Food:Restaurant                          16.22 USD

2020-10-12 * "Starbucks" "" #trip-los-angeles-2020
  Liabilities:US:Chase:Slate                        -5.11 USD
  Expenses:Food:Coffee                               5.11 USD

2020-10-13 balance Liabilities:US:Chase:Slate     -127.70 USD

2020-10-13 * "Starbucks" "" #trip-los-angeles-2020
  Liabilities:US:Chase:Slate                        -5.56 USD
  Expenses:Food:Coffee                               5.56 USD

2020-10-14 * "Dupar's" "" #trip-los-angeles-2020
  Liabilities:US:Chase:Slate                       -25.77 USD
  Expenses:Food:Restaurant                          25.77 USD

2020-10-14 * "Starbucks" "" #trip-los-angeles-2020
  Liabilities:US:Chase:Slate                        -5.99 USD
  Expenses:Food:Coffee                               5.99 USD

2020-10-14 * "E.B.'s Beer and Wine" "" #trip-los-angeles-2020
  Liabilities:US:Chase:Slate                        -6.89 USD
  Expenses:Food:Alcohol                              6.89 USD

2020-10-15 * "Banana Leaf" "" #trip-los-angeles-2020
  Liabilities:US:Chase:Slate                       -20.96 USD
  Expenses:Food:Restaurant                          20.96 USD

2020-10-15 * "E.B.'s Beer and Wine" "" #trip-los-angeles-2020
  Liabilities:US:Chase:Slate                       -10.29 USD
  Expenses:Food:Alcohol                             10.29 USD

2020-10-16 * "Banana Leaf" "" #trip-los-angeles-2020
  Liabilities:US:Chase:Slate                       -23.32 USD
  Expenses:Food:Restaurant                          23.32 USD

2020-10-16 * "Pampas Grill" "" #trip-los-angeles-2020
  Liabilities:US:Chase:Slate                       -20.01 USD
  Expenses:Food:Restaurant                          20.01 USD

2020-10-17 * "Chichipotle" "Eating out with Joe"
  Liabilities:US:Chase:Slate                       -30.93 USD
  Expenses:Food:Restaurant                          30.93 USD

2020-10-17 * "Starbucks" "" #trip-los-angeles-2020
  Liabilities:US:Chase:Slate                        -6.07 USD
  Expenses:Food:Coffee                               6.07 USD

2020-10-17 * "Consume vacation days"
  Assets:US:Babble:Vacation                           -64 VACHR
  Expenses:Vacation                                    64 VACHR

2020-10-17 event "location" "New Metropolis"

2020-10-22 * "Goba Goba" "Eating out with Natasha"
  Liabilities:US:Chase:Slate                       -14.13 USD
  Expenses:Food:Restaurant                          14.13 USD

2020-10-24 * "Kin Soy" "Eating out after work"
  Liabilities:US:Chase:Slate                       -31.87 USD
  Expenses:Food:Restaurant                          31.87 USD

2020-10-25 * "Cafe Modagor" "Eating out alone"
  Liabilities:US:Chase:Slate                       -44.91 USD
  Expenses:Food:Restaurant                          44.91 USD

2020-10-26 * "Farmer Fresh" "Buying groceries"
  Liabilities:US:Chase:Slate                       -83.29 USD
  Expenses:Food:Groceries                           83.29 USD

2020-10-30 * "Jewel of Morroco" "Eating out alone"
  Liabilities:US:Chase:Slate                       -42.41 USD
  Expenses:Food:Restaurant                          42.41 USD

2020-10-31 * "Metro Transport Authority" "Tram tickets"
  Liabilities:US:Chase:Slate                      -120.00 USD
  Expenses:Transport:Tram                          120.00 USD

2020-11-03 * "Goba Goba" "Eating out after work"
  Liabilities:US:Chase:Slate                       -22.65 USD
  Expenses:Food:Restaurant                          22.65 USD

2020-11-04 * "Kin Soy" "Eating out with Bill"
  Liabilities:US:Chase:Slate                       -35.12 USD
  Expenses:Food:Restaurant                          35.12 USD

2020-11-05 balance Liabilities:US:Chase:Slate     -677.87 USD

2020-11-05 * "Onion Market" "Buying groceries"
  Liabilities:US:Chase:Slate                       -99.29 USD
  Expenses:Food:Groceries                           99.29 USD

2020-11-08 * "Cafe Modagor" "Eating out "
  Liabilities:US:Chase:Slate                       -39.71 USD
  Expenses:Food:Restaurant                          39.71 USD

2020-11-08 * "Chase:Slate" "Paying off credit card"
  Liabilities:US:Chase:Slate                       533.38 USD
  Assets:US:BofA:Checking                         -533.38 USD

2020-11-13 * "Cafe Modagor" "Eating out with Julie"
  Liabilities:US:Chase:Slate                       -20.25 USD
  Expenses:Food:Restaurant                          20.25 USD

2020-11-15 * "Uncle Boons" "Eating out after work"
  Liabilities:US:Chase:Slate                       -27.05 USD
  Expenses:Food:Restaurant                          27.05 USD

2020-11-15 * "Farmer Fresh" "Buying groceries"
  Liabilities:US:Chase:Slate                       -44.39 USD
  Expenses:Food:Groceries                           44.39 USD

2020-11-16 * "Kin Soy" "Eating out with Julie"
  Liabilities:US:Chase:Slate                       -46.78 USD
  Expenses:Food:Restaurant                          46.78 USD

2020-11-19 * "Jewel of Morroco" "Eating out "
  Liabilities:US:Chase:Slate                       -21.77 USD
  Expenses:Food:Restaurant                          21.77 USD

2020-11-24 * "Goba Goba" "Eating out "
  Liabilities:US:Chase:Slate                       -60.87 USD
  Expenses:Food:Restaurant                          60.87 USD

2020-11-25 * "China Garden" "Eating out after work"
  Liabilities:US:Chase:Slate                       -25.82 USD
  Expenses:Food:Restaurant                          25.82 USD

2020-11-29 * "Good Moods Market" "Buying groceries"
  Liabilities:US:Chase:Slate                      -117.86 USD
  Expenses:Food:Groceries                          117.86 USD

2020-11-30 * "Kin Soy" "Eating out with Natasha"
  Liabilities:US:Chase:Slate                       -28.53 USD
  Expenses:Food:Restaurant                          28.53 USD

2020-12-01 balance Liabilities:US:Chase:Slate     -676.81 USD

2020-12-01 * "Metro Transport Authority" "Tram tickets"
  Liabilities:US:Chase:Slate                      -120.00 USD
  Expenses:Transport:Tram                          120.00 USD

2020-12-03 * "Chichipotle" "Eating out "
  Liabilities:US:Chase:Slate                       -56.17 USD
  Expenses:Food:Restaurant                          56.17 USD

2020-12-04 * "Cafe Modagor" "Eating out with Joe"
  Liabilities:US:Chase:Slate                       -29.99 USD
  Expenses:Food:Restaurant                          29.99 USD

2020-12-06 * "Chichipotle" "Eating out with Julie"
  Liabilities:US:Chase:Slate                       -29.07 USD
  Expenses:Food:Restaurant                          29.07 USD

2020-12-08 * "China Garden" "Eating out with Natasha"
  Liabilities:US:Chase:Slate                       -27.83 USD
  Expenses:Food:Restaurant                          27.83 USD

2020-12-09 * "Chichipotle" "Eating out with Joe"
  Liabilities:US:Chase:Slate                       -23.57 USD
  Expenses:Food:Restaurant                          23.57 USD

2020-12-10 * "Chase:Slate" "Paying off credit card"
  Liabilities:US:Chase:Slate                       716.39 USD
  Assets:US:BofA:Checking                         -716.39 USD

2020-12-11 * "Kin Soy" "Eating out with Natasha"
  Liabilities:US:Chase:Slate                       -36.44 USD
  Expenses:Food:Restaurant                          36.44 USD

2020-12-11 * "Good Moods Market" "Buying groceries"
  Liabilities:US:Chase:Slate                       -69.54 USD
  Expenses:Food:Groceries                           69.54 USD

2020-12-16 * "Rose Flower" "Eating out with Natasha"
  Liabilities:US:Chase:Slate                       -25.11 USD
  Expenses:Food:Restaurant                          25.11 USD

2020-12-20 * "Goba Goba" "Eating out with Natasha"
  Liabilities:US:Chase:Slate                       -22.27 USD
  Expenses:Food:Restaurant                          22.27 USD

2020-12-21 * "Uncle Boons" "Eating out with Julie"
  Liabilities:US:Chase:Slate                       -20.65 USD
  Expenses:Food:Restaurant                          20.65 USD

2020-12-25 balance Liabilities:US:Chase:Slate     -421.06 USD

2020-12-25 * "Jewel of Morroco" "Eating out "
  Liabilities:US:Chase:Slate                       -41.42 USD
  Expenses:Food:Restaurant                          41.42 USD

2020-12-25 * "Corner Deli" "Buying groceries"
  Liabilities:US:Chase:Slate                       -64.28 USD
  Expenses:Food:Groceries                           64.28 USD

2020-12-27 * "Uncle Boons" "Eating out after work"
  Liabilities:US:Chase:Slate                       -26.88 USD
  Expenses:Food:Restaurant                          26.88 USD

2020-12-30 * "Metro Transport Authority" "Tram tickets"
  Liabilities:US:Chase:Slate                      -120.00 USD
  Expenses:Transport:Tram                          120.00 USD

2020-12-31 * "Rose Flower" "Eating out with Julie"
  Liabilities:US:Chase:Slate                       -20.79 USD
  Expenses:Food:Restaurant                          20.79 USD

2021-01-01 * "Uncle Boons" "Eating out after work"
  Liabilities:US:Chase:Slate                       -42.41 USD
  Expenses:Food:Restaurant                          42.41 USD

2021-01-02 * "Cafe Modagor" "Eating out with Julie"
  Liabilities:US:Chase:Slate                       -34.82 USD
  Expenses:Food:Restaurant                          34.82 USD

2021-01-03 * "Farmer Fresh" "Buying groceries"
  Liabilities:US:Chase:Slate                      -122.20 USD
  Expenses:Food:Groceries                          122.20 USD

2021-01-06 * "Goba Goba" "Eating out with Julie"
  Liabilities:US:Chase:Slate                       -25.80 USD
  Expenses:Food:Restaurant                          25.80 USD

2021-01-07 * "Chase:Slate" "Paying off credit card"
  Liabilities:US:Chase:Slate                       657.08 USD
  Assets:US:BofA:Checking                         -657.08 USD

2021-01-09 * "China Garden" "Eating out with Julie"
  Liabilities:US:Chase:Slate                       -20.91 USD
  Expenses:Food:Restaurant                          20.91 USD

2021-01-12 * "Uncle Boons" "Eating out "
  Liabilities:US:Chase:Slate                       -30.91 USD
  Expenses:Food:Restaurant                          30.91 USD

2021-01-13 * "China Garden" "Eating out with Natasha"
  Liabilities:US:Chase:Slate                       -23.59 USD
  Expenses:Food:Restaurant                          23.59 USD

2021-01-16 balance Liabilities:US:Chase:Slate     -337.99 USD

2021-01-16 * "Kin Soy" "Eating out with Julie"
  Liabilities:US:Chase:Slate                       -50.51 USD
  Expenses:Food:Restaurant                          50.51 USD

2021-01-19 * "Good Moods Market" "Buying groceries"
  Liabilities:US:Chase:Slate                       -56.84 USD
  Expenses:Food:Groceries                           56.84 USD

2021-01-21 * "Rose Flower" "Eating out with Julie"
  Liabilities:US:Chase:Slate                       -29.46 USD
  Expenses:Food:Restaurant                          29.46 USD

2021-01-26 * "China Garden" "Eating out with Natasha"
  Liabilities:US:Chase:Slate                       -56.02 USD
  Expenses:Food:Restaurant                          56.02 USD

2021-01-26 * "Metro Transport Authority" "Tram tickets"
  Liabilities:US:Chase:Slate                      -120.00 USD
  Expenses:Transport:Tram                          120.00 USD

2021-01-28 * "Good Moods Market" "Buying groceries"
  Liabilities:US:Chase:Slate                      -103.32 USD
  Expenses:Food:Groceries                          103.32 USD

2021-01-30 * "Jewel of Morroco" "Eating out "
  Liabilities:US:Chase:Slate                       -38.13 USD
  Expenses:Food:Restaurant                          38.13 USD

2021-02-04 * "Kin Soy" "Eating out "
  Liabilities:US:Chase:Slate                       -38.92 USD
  Expenses:Food:Restaurant                          38.92 USD

2021-02-08 * "Kin Soy" "Eating out with Joe"
  Liabilities:US:Chase:Slate                       -24.90 USD
  Expenses:Food:Restaurant                          24.90 USD

2021-02-10 balance Liabilities:US:Chase:Slate     -856.09 USD

2021-02-11 * "Chase:Slate" "Paying off credit card"
  Liabilities:US:Chase:Slate                       599.20 USD
  Assets:US:BofA:Checking                         -599.20 USD

2021-02-13 * "Chichipotle" "Eating out alone"
  Liabilities:US:Chase:Slate                       -26.60 USD
  Expenses:Food:Restaurant                          26.60 USD

2021-02-13 * "Good Moods Market" "Buying groceries"
  Liabilities:US:Chase:Slate                       -74.25 USD
  Expenses:Food:Groceries                           74.25 USD

2021-02-17 * "Chichipotle" "Eating out "
  Liabilities:US:Chase:Slate                       -58.43 USD
  Expenses:Food:Restaurant                          58.43 USD

2021-02-21 * "Uncle Boons" "Eating out alone"
  Liabilities:US:Chase:Slate                       -20.57 USD
  Expenses:Food:Restaurant                          20.57 USD

2021-02-22 * "Rose Flower" "Eating out after work"
  Liabilities:US:Chase:Slate                       -30.16 USD
  Expenses:Food:Restaurant                          30.16 USD

2021-02-22 * "Metro Transport Authority" "Tram tickets"
  Liabilities:US:Chase:Slate                      -120.00 USD
  Expenses:Transport:Tram                          120.00 USD

2021-02-25 * "Cafe Modagor" "Eating out with work buddies"
  Liabilities:US:Chase:Slate                       -29.87 USD
  Expenses:Food:Restaurant                          29.87 USD

2021-03-02 * "Chichipotle" "Eating out after work"
  Liabilities:US:Chase:Slate                       -34.64 USD
  Expenses:Food:Restaurant                          34.64 USD

2021-03-03 * "Jewel of Morroco" "Eating out with Natasha"
  Liabilities:US:Chase:Slate                       -44.33 USD
  Expenses:Food:Restaurant                          44.33 USD

2021-03-04 balance Liabilities:US:Chase:Slate     -695.74 USD

2021-03-05 * "Farmer Fresh" "Buying groceries"
  Liabilities:US:Chase:Slate                      -118.52 USD
  Expenses:Food:Groceries                          118.52 USD

2021-03-06 * "Uncle Boons" "Eating out with Natasha"
  Liabilities:US:Chase:Slate                       -26.47 USD
  Expenses:Food:Restaurant                          26.47 USD

2021-03-08 * "Rose Flower" "Eating out after work"
  Liabilities:US:Chase:Slate                       -22.34 USD
  Expenses:Food:Restaurant                          22.34 USD

2021-03-09 * "Chase:Slate" "Paying off credit card"
  Liabilities:US:Chase:Slate                       601.17 USD
  Assets:US:BofA:Checking                         -601.17 USD

2021-03-10 * "Cafe Modagor" "Eating out "
  Liabilities:US:Chase:Slate                       -21.59 USD
  Expenses:Food:Restaurant                          21.59 USD

2021-03-11 * "Onion Market" "Buying groceries"
  Liabilities:US:Chase:Slate                       -67.28 USD
  Expenses:Food:Groceries                           67.28 USD

2021-03-14 * "Uncle Boons" "Eating out with Joe"
  Liabilities:US:Chase:Slate                       -29.40 USD
  Expenses:Food:Restaurant                          29.40 USD

2021-03-19 * "Uncle Boons" "Eating out with Bill"
  Liabilities:US:Chase:Slate                       -14.16 USD
  Expenses:Food:Restaurant                          14.16 USD

2021-03-21 * "Farmer Fresh" "Buying groceries"
  Liabilities:US:Chase:Slate                       -39.51 USD
  Expenses:Food:Groceries                           39.51 USD

2021-03-24 * "Chichipotle" "Eating out with Joe"
  Liabilities:US:Chase:Slate                       -21.78 USD
  Expenses:Food:Restaurant                          21.78 USD

2021-03-25 * "Metro Transport Authority" "Tram tickets"
  Liabilities:US:Chase:Slate                      -120.00 USD
  Expenses:Transport:Tram                          120.00 USD

2021-03-28 * "Rose Flower" "Eating out after work"
  Liabilities:US:Chase:Slate                       -15.86 USD
  Expenses:Food:Restaurant                          15.86 USD

2021-03-30 * "Jewel of Morroco" "Eating out with Julie"
  Liabilities:US:Chase:Slate                       -45.64 USD
  Expenses:Food:Restaurant                          45.64 USD

2021-04-01 balance Liabilities:US:Chase:Slate     -637.12 USD

2021-04-02 * "Goba Goba" "Eating out with Julie"
  Liabilities:US:Chase:Slate                       -20.73 USD
  Expenses:Food:Restaurant                          20.73 USD

2021-04-05 * "Chichipotle" "Eating out with work buddies"
  Liabilities:US:Chase:Slate                       -22.31 USD
  Expenses:Food:Restaurant                          22.31 USD

2021-04-07 * "China Garden" "Eating out "
  Liabilities:US:Chase:Slate                       -23.07 USD
  Expenses:Food:Restaurant                          23.07 USD

2021-04-08 * "Corner Deli" "Buying groceries"
  Liabilities:US:Chase:Slate                      -125.27 USD
  Expenses:Food:Groceries                          125.27 USD

2021-04-09 * "Chase:Slate" "Paying off credit card"
  Liabilities:US:Chase:Slate                       577.63 USD
  Assets:US:BofA:Checking                         -577.63 USD

2021-04-10 * "China Garden" "Eating out after work"
  Liabilities:US:Chase:Slate                       -32.62 USD
  Expenses:Food:Restaurant                          32.62 USD

2021-04-12 * "Kin Soy" "Eating out "
  Liabilities:US:Chase:Slate                       -36.12 USD
  Expenses:Food:Restaurant                          36.12 USD

2021-04-15 * "Good Moods Market" "Buying groceries"
  Liabilities:US:Chase:Slate                       -81.21 USD
  Expenses:Food:Groceries                           81.21 USD

2021-04-17 * "Chichipotle" "Eating out with work buddies"
  Liabilities:US:Chase:Slate                       -27.92 USD
  Expenses:Food:Restaurant                          27.92 USD

2021-04-20 * "Jewel of Morroco" "Eating out with Julie"
  Liabilities:US:Chase:Slate                       -23.66 USD
  Expenses:Food:Restaurant                          23.66 USD

2021-04-22 * "Metro Transport Authority" "Tram tickets"
  Liabilities:US:Chase:Slate                      -120.00 USD
  Expenses:Transport:Tram                          120.00 USD

2021-04-23 * "Uncle Boons" "Eating out alone"
  Liabilities:US:Chase:Slate                       -26.96 USD
  Expenses:Food:Restaurant                          26.96 USD

2021-04-25 * "Chichipotle" "Eating out with Bill"
  Liabilities:US:Chase:Slate                       -41.91 USD
  Expenses:Food:Restaurant                          41.91 USD

2021-04-29 balance Liabilities:US:Chase:Slate     -641.27 USD

2021-04-29 * "Corner Deli" "Buying groceries"
  Liabilities:US:Chase:Slate                       -65.42 USD
  Expenses:Food:Groceries                           65.42 USD

2021-04-30 * "Kin Soy" "Eating out with work buddies"
  Liabilities:US:Chase:Slate                       -45.22 USD
  Expenses:Food:Restaurant                          45.22 USD

2021-05-04 * "Uncle Boons" "Eating out with Natasha"
  Liabilities:US:Chase:Slate                       -41.13 USD
  Expenses:Food:Restaurant                          41.13 USD

2021-05-08 * "Corner Deli" "Buying groceries"
  Liabilities:US:Chase:Slate                       -90.24 USD
  Expenses:Food:Groceries                           90.24 USD

2021-05-09 * "Cafe Modagor" "Eating out with Bill"
  Liabilities:US:Chase:Slate                       -31.13 USD
  Expenses:Food:Restaurant                          31.13 USD

2021-05-11 event "location" "San Francisco"

2021-05-11 * "Chase:Slate" "Paying off credit card"
  Liabilities:US:Chase:Slate                       652.83 USD
  Assets:US:BofA:Checking                         -652.83 USD

2021-05-12 * "Pizza Delfina" "" #trip-san-francisco-2021
  Liabilities:US:Chase:Slate                       -17.84 USD
  Expenses:Food:Restaurant                          17.84 USD

2021-05-12 * "Waterbar" "" #trip-san-francisco-2021
  Liabilities:US:Chase:Slate                       -51.37 USD
  Expenses:Food:Restaurant                          51.37 USD

2021-05-13 * "Pizza Delfina" "" #trip-san-francisco-2021
  Liabilities:US:Chase:Slate                       -17.98 USD
  Expenses:Food:Restaurant                          17.98 USD

2021-05-13 * "Waterbar" "" #trip-san-francisco-2021
  Liabilities:US:Chase:Slate                       -48.76 USD
  Expenses:Food:Restaurant                          48.76 USD

2021-05-14 * "Bar Crudo" "" #trip-san-francisco-2021
  Liabilities:US:Chase:Slate                       -70.45 USD
  Expenses:Food:Restaurant                          70.45 USD

2021-05-14 * "Waterbar" "" #trip-san-francisco-2021
  Liabilities:US:Chase:Slate                       -48.04 USD
  Expenses:Food:Restaurant                          48.04 USD

2021-05-15 * "Pizza Delfina" "" #trip-san-francisco-2021
  Liabilities:US:Chase:Slate                       -23.85 USD
  Expenses:Food:Restaurant                          23.85 USD

2021-05-16 * "Waterbar" "" #trip-san-francisco-2021
  Liabilities:US:Chase:Slate                       -60.97 USD
  Expenses:Food:Restaurant                          60.97 USD

2021-05-18 * "Waterbar" "" #trip-san-francisco-2021
  Liabilities:US:Chase:Slate                       -56.38 USD
  Expenses:Food:Restaurant                          56.38 USD

2021-05-18 * "Mission Chinese Food" "" #trip-san-francisco-2021
  Liabilities:US:Chase:Slate                       -28.08 USD
  Expenses:Food:Restaurant                          28.08 USD

2021-05-18 * "Starbucks" "" #trip-san-francisco-2021
  Liabilities:US:Chase:Slate                        -6.16 USD
  Expenses:Food:Coffee                               6.16 USD

2021-05-19 * "Goba Goba" "Eating out "
  Liabilities:US:Chase:Slate                       -21.91 USD
  Expenses:Food:Restaurant                          21.91 USD

2021-05-19 * "Waterbar" "" #trip-san-francisco-2021
  Liabilities:US:Chase:Slate                       -39.92 USD
  Expenses:Food:Restaurant                          39.92 USD

2021-05-19 * "Mission Chinese Food" "" #trip-san-francisco-2021
  Liabilities:US:Chase:Slate                       -25.91 USD
  Expenses:Food:Restaurant                          25.91 USD

2021-05-19 * "Consume vacation days"
  Assets:US:Babble:Vacation                           -64 VACHR
  Expenses:Vacation                                    64 VACHR

2021-05-19 event "location" "New Metropolis"

2021-05-20 balance Liabilities:US:Chase:Slate     -779.20 USD

2021-05-21 * "Farmer Fresh" "Buying groceries"
  Liabilities:US:Chase:Slate                      -101.50 USD
  Expenses:Food:Groceries                          101.50 USD

2021-05-21 * "Metro Transport Authority" "Tram tickets"
  Liabilities:US:Chase:Slate                      -120.00 USD
  Expenses:Transport:Tram                          120.00 USD

2021-05-22 * "China Garden" "Eating out with work buddies"
  Liabilities:US:Chase:Slate                       -18.96 USD
  Expenses:Food:Restaurant                          18.96 USD

2021-05-26 * "Cafe Modagor" "Eating out with Bill"
  Liabilities:US:Chase:Slate                       -31.93 USD
  Expenses:Food:Restaurant                          31.93 USD

2021-05-28 * "Jewel of Morroco" "Eating out with Julie"
  Liabilities:US:Chase:Slate                       -18.47 USD
  Expenses:Food:Restaurant                          18.47 USD

2021-05-30 * "Jewel of Morroco" "Eating out "
  Liabilities:US:Chase:Slate                       -56.37 USD
  Expenses:Food:Restaurant                          56.37 USD

2021-06-04 * "Kin Soy" "Eating out with work buddies"
  Liabilities:US:Chase:Slate                       -15.47 USD
  Expenses:Food:Restaurant                          15.47 USD

2021-06-05 * "China Garden" "Eating out with Natasha"
  Liabilities:US:Chase:Slate                       -26.77 USD
  Expenses:Food:Restaurant                          26.77 USD

2021-06-09 * "Corner Deli" "Buying groceries"
  Liabilities:US:Chase:Slate                       -63.80 USD
  Expenses:Food:Groceries                           63.80 USD

2021-06-10 * "Jewel of Morroco" "Eating out "
  Liabilities:US:Chase:Slate                       -21.46 USD
  Expenses:Food:Restaurant                          21.46 USD

2021-06-11 * "Chase:Slate" "Paying off credit card"
  Liabilities:US:Chase:Slate                       515.25 USD
  Assets:US:BofA:Checking                         -515.25 USD

2021-06-13 * "Chichipotle" "Eating out with Julie"
  Liabilities:US:Chase:Slate                       -40.52 USD
  Expenses:Food:Restaurant                          40.52 USD

2021-06-15 * "Cafe Modagor" "Eating out after work"
  Liabilities:US:Chase:Slate                       -28.85 USD
  Expenses:Food:Restaurant                          28.85 USD

2021-06-18 * "Jewel of Morroco" "Eating out after work"
  Liabilities:US:Chase:Slate                       -27.75 USD
  Expenses:Food:Restaurant                          27.75 USD

2021-06-19 balance Liabilities:US:Chase:Slate     -835.80 USD

2021-06-22 * "Onion Market" "Buying groceries"
  Liabilities:US:Chase:Slate                       -64.61 USD
  Expenses:Food:Groceries                           64.61 USD

2021-06-22 * "Metro Transport Authority" "Tram tickets"
  Liabilities:US:Chase:Slate                      -120.00 USD
  Expenses:Transport:Tram                          120.00 USD

2021-06-23 * "Kin Soy" "Eating out with Julie"
  Liabilities:US:Chase:Slate                       -22.86 USD
  Expenses:Food:Restaurant                          22.86 USD

2021-06-27 * "Cafe Modagor" "Eating out "
  Liabilities:US:Chase:Slate                       -77.79 USD
  Expenses:Food:Restaurant                          77.79 USD

2021-06-30 * "Kin Soy" "Eating out with work buddies"
  Liabilities:US:Chase:Slate                       -37.75 USD
  Expenses:Food:Restaurant                          37.75 USD

2021-07-02 * "Kin Soy" "Eating out with Julie"
  Liabilities:US:Chase:Slate                       -24.61 USD
  Expenses:Food:Restaurant                          24.61 USD

2021-07-06 * "Rose Flower" "Eating out with work buddies"
  Liabilities:US:Chase:Slate                       -55.86 USD
  Expenses:Food:Restaurant                          55.86 USD

2021-07-09 * "Chase:Slate" "Paying off credit card"
  Liabilities:US:Chase:Slate                       508.05 USD
  Assets:US:BofA:Checking                         -508.05 USD

2021-07-10 * "China Garden" "Eating out after work"
  Liabilities:US:Chase:Slate                       -47.97 USD
  Expenses:Food:Restaurant                          47.97 USD

2021-07-12 * "Corner Deli" "Buying groceries"
  Liabilities:US:Chase:Slate                      -110.41 USD
  Expenses:Food:Groceries                          110.41 USD

2021-07-13 * "Uncle Boons" "Eating out alone"
  Liabilities:US:Chase:Slate                       -16.18 USD
  Expenses:Food:Restaurant                          16.18 USD

2021-07-14 balance Liabilities:US:Chase:Slate     -905.79 USD

2021-07-18 * "Uncle Boons" "Eating out with work buddies"
  Liabilities:US:Chase:Slate                       -21.71 USD
  Expenses:Food:Restaurant                          21.71 USD

2021-07-21 * "Chichipotle" "Eating out with Joe"
  Liabilities:US:Chase:Slate                       -26.63 USD
  Expenses:Food:Restaurant                          26.63 USD

2021-07-21 * "Metro Transport Authority" "Tram tickets"
  Liabilities:US:Chase:Slate                      -120.00 USD
  Expenses:Transport:Tram                          120.00 USD

2021-07-25 * "Good Moods Market" "Buying groceries"
  Liabilities:US:Chase:Slate                       -83.82 USD
  Expenses:Food:Groceries                           83.82 USD

2021-07-26 * "Rose Flower" "Eating out with work buddies"
  Liabilities:US:Chase:Slate                       -27.01 USD
  Expenses:Food:Restaurant                          27.01 USD

2021-07-27 * "Uncle Boons" "Eating out with Joe"
  Liabilities:US:Chase:Slate                       -41.50 USD
  Expenses:Food:Restaurant                          41.50 USD

2021-07-30 * "Jewel of Morroco" "Eating out with Joe"
  Liabilities:US:Chase:Slate                       -22.70 USD
  Expenses:Food:Restaurant                          22.70 USD

2021-08-01 * "Goba Goba" "Eating out with Julie"
  Liabilities:US:Chase:Slate                       -26.80 USD
  Expenses:Food:Restaurant                          26.80 USD

2021-08-02 * "Good Moods Market" "Buying groceries"
  Liabilities:US:Chase:Slate                       -67.38 USD
  Expenses:Food:Groceries                           67.38 USD

2021-08-05 * "Uncle Boons" "Eating out with work buddies"
  Liabilities:US:Chase:Slate                       -33.56 USD
  Expenses:Food:Restaurant                          33.56 USD

2021-08-09 * "Kin Soy" "Eating out alone"
  Liabilities:US:Chase:Slate                       -27.72 USD
  Expenses:Food:Restaurant                          27.72 USD

2021-08-11 balance Liabilities:US:Chase:Slate    -1404.62 USD

2021-08-11 * "China Garden" "Eating out after work"
  Liabilities:US:Chase:Slate                       -39.90 USD
  Expenses:Food:Restaurant                          39.90 USD

2021-08-11 * "Good Moods Market" "Buying groceries"
  Liabilities:US:Chase:Slate                       -84.87 USD
  Expenses:Food:Groceries                           84.87 USD

2021-08-11 * "Chase:Slate" "Paying off credit card"
  Liabilities:US:Chase:Slate                       665.32 USD
  Assets:US:BofA:Checking                         -665.32 USD

2021-08-14 * "Jewel of Morroco" "Eating out alone"
  Liabilities:US:Chase:Slate                       -30.71 USD
  Expenses:Food:Restaurant                          30.71 USD

2021-08-18 * "China Garden" "Eating out with work buddies"
  Liabilities:US:Chase:Slate                       -13.01 USD
  Expenses:Food:Restaurant                          13.01 USD

2021-08-18 * "Metro Transport Authority" "Tram tickets"
  Liabilities:US:Chase:Slate                      -120.00 USD
  Expenses:Transport:Tram                          120.00 USD

2021-08-21 * "Corner Deli" "Buying groceries"
  Liabilities:US:Chase:Slate                       -48.46 USD
  Expenses:Food:Groceries                           48.46 USD

2021-08-22 * "Chichipotle" "Eating out after work"
  Liabilities:US:Chase:Slate                       -52.78 USD
  Expenses:Food:Restaurant                          52.78 USD

2021-08-24 * "Rose Flower" "Eating out after work"
  Liabilities:US:Chase:Slate                       -17.05 USD
  Expenses:Food:Restaurant                          17.05 USD

2021-08-29 * "Cafe Modagor" "Eating out after work"
  Liabilities:US:Chase:Slate                       -34.52 USD
  Expenses:Food:Restaurant                          34.52 USD

2021-08-30 * "Farmer Fresh" "Buying groceries"
  Liabilities:US:Chase:Slate                       -87.80 USD
  Expenses:Food:Groceries                           87.80 USD

2021-09-02 * "Uncle Boons" "Eating out with Joe"
  Liabilities:US:Chase:Slate                       -25.84 USD
  Expenses:Food:Restaurant                          25.84 USD

2021-09-05 * "Goba Goba" "Eating out with work buddies"
  Liabilities:US:Chase:Slate                       -25.86 USD
  Expenses:Food:Restaurant                          25.86 USD

2021-09-06 balance Liabilities:US:Chase:Slate    -1320.10 USD

2021-09-07 * "Kin Soy" "Eating out alone"
  Liabilities:US:Chase:Slate                       -33.04 USD
  Expenses:Food:Restaurant                          33.04 USD

2021-09-08 * "Good Moods Market" "Buying groceries"
  Liabilities:US:Chase:Slate                       -80.63 USD
  Expenses:Food:Groceries                           80.63 USD

2021-09-10 * "Chase:Slate" "Paying off credit card"
  Liabilities:US:Chase:Slate                       694.34 USD
  Assets:US:BofA:Checking                         -694.34 USD

2021-09-11 * "Rose Flower" "Eating out with Julie"
  Liabilities:US:Chase:Slate                       -39.77 USD
  Expenses:Food:Restaurant                          39.77 USD

2021-09-13 * "Cafe Modagor" "Eating out with Joe"
  Liabilities:US:Chase:Slate                       -45.48 USD
  Expenses:Food:Restaurant                          45.48 USD

2021-09-16 * "Metro Transport Authority" "Tram tickets"
  Liabilities:US:Chase:Slate                      -120.00 USD
  Expenses:Transport:Tram                          120.00 USD

2021-09-18 * "Jewel of Morroco" "Eating out with Natasha"
  Liabilities:US:Chase:Slate                       -48.75 USD
  Expenses:Food:Restaurant                          48.75 USD

2021-09-22 * "Chichipotle" "Eating out with work buddies"
  Liabilities:US:Chase:Slate                       -54.10 USD
  Expenses:Food:Restaurant                          54.10 USD

2021-09-23 * "Uncle Boons" "Eating out with work buddies"
  Liabilities:US:Chase:Slate                       -52.49 USD
  Expenses:Food:Restaurant                          52.49 USD

2021-09-24 * "Farmer Fresh" "Buying groceries"
  Liabilities:US:Chase:Slate                       -68.86 USD
  Expenses:Food:Groceries                           68.86 USD

2021-09-25 * "Chichipotle" "Eating out with Joe"
  Liabilities:US:Chase:Slate                       -13.26 USD
  Expenses:Food:Restaurant                          13.26 USD

2021-09-28 * "Chichipotle" "Eating out alone"
  Liabilities:US:Chase:Slate                       -16.19 USD
  Expenses:Food:Restaurant                          16.19 USD

2021-09-30 * "Rose Flower" "Eating out with Natasha"
  Liabilities:US:Chase:Slate                       -38.69 USD
  Expenses:Food:Restaurant                          38.69 USD

2021-10-02 * "Kin Soy" "Eating out alone"
  Liabilities:US:Chase:Slate                       -19.47 USD
  Expenses:Food:Restaurant                          19.47 USD

2021-10-05 balance Liabilities:US:Chase:Slate    -1256.49 USD

2021-10-06 * "Kin Soy" "Eating out with Joe"
  Liabilities:US:Chase:Slate                       -44.47 USD
  Expenses:Food:Restaurant                          44.47 USD

2021-10-06 * "Good Moods Market" "Buying groceries"
  Liabilities:US:Chase:Slate                       -42.66 USD
  Expenses:Food:Groceries                           42.66 USD

2021-10-10 * "Chase:Slate" "Paying off credit card"
  Liabilities:US:Chase:Slate                       581.80 USD
  Assets:US:BofA:Checking                         -581.80 USD

2021-10-11 * "China Garden" "Eating out with Natasha"
  Liabilities:US:Chase:Slate                       -17.38 USD
  Expenses:Food:Restaurant                          17.38 USD

2021-10-15 * "Cafe Modagor" "Eating out with work buddies"
  Liabilities:US:Chase:Slate                       -37.93 USD
  Expenses:Food:Restaurant                          37.93 USD

2021-10-19 * "Kin Soy" "Eating out "
  Liabilities:US:Chase:Slate                       -25.96 USD
  Expenses:Food:Restaurant                          25.96 USD

2021-10-19 * "Metro Transport Authority" "Tram tickets"
  Liabilities:US:Chase:Slate                      -120.00 USD
  Expenses:Transport:Tram                          120.00 USD

2021-10-23 * "Corner Deli" "Buying groceries"
  Liabilities:US:Chase:Slate                       -65.66 USD
  Expenses:Food:Groceries                           65.66 USD

2021-10-24 * "Jewel of Morroco" "Eating out with Natasha"
  Liabilities:US:Chase:Slate                       -28.35 USD
  Expenses:Food:Restaurant                          28.35 USD

2021-10-28 * "Jewel of Morroco" "Eating out with work buddies"
  Liabilities:US:Chase:Slate                       -68.77 USD
  Expenses:Food:Restaurant                          68.77 USD

2021-10-29 * "China Garden" "Eating out with Natasha"
  Liabilities:US:Chase:Slate                       -27.98 USD
  Expenses:Food:Restaurant                          27.98 USD

2021-11-03 balance Liabilities:US:Chase:Slate    -1153.85 USD

2021-11-03 * "Rose Flower" "Eating out alone"
  Liabilities:US:Chase:Slate                       -35.58 USD
  Expenses:Food:Restaurant                          35.58 USD

2021-11-07 * "China Garden" "Eating out alone"
  Liabilities:US:Chase:Slate                       -18.69 USD
  Expenses:Food:Restaurant                          18.69 USD

2021-11-08 * "Onion Market" "Buying groceries"
  Liabilities:US:Chase:Slate                       -73.29 USD
  Expenses:Food:Groceries                           73.29 USD

2021-11-08 * "Chase:Slate" "Paying off credit card"
  Liabilities:US:Chase:Slate                       502.21 USD
  Assets:US:BofA:Checking                         -502.21 USD

2021-11-11 * "Cafe Modagor" "Eating out with work buddies"
  Liabilities:US:Chase:Slate                       -45.98 USD
  Expenses:Food:Restaurant                          45.98 USD

2021-11-12 event "location" "Los Angeles"

2021-11-13 * "Dupar's" "" #trip-los-angeles-2021
  Liabilities:US:Chase:Slate                       -29.83 USD
  Expenses:Food:Restaurant                          29.83 USD

2021-11-15 * "Banana Leaf" "" #trip-los-angeles-2021
  Liabilities:US:Chase:Slate                       -24.77 USD
  Expenses:Food:Restaurant                          24.77 USD

2021-11-15 * "Dupar's" "" #trip-los-angeles-2021
  Liabilities:US:Chase:Slate                       -38.15 USD
  Expenses:Food:Restaurant                          38.15 USD

2021-11-15 * "Starbucks" "" #trip-los-angeles-2021
  Liabilities:US:Chase:Slate                        -6.24 USD
  Expenses:Food:Coffee                               6.24 USD

2021-11-15 * "E.B.'s Beer and Wine" "" #trip-los-angeles-2021
  Liabilities:US:Chase:Slate                       -11.04 USD
  Expenses:Food:Alcohol                             11.04 USD

2021-11-16 * "Banana Leaf" "" #trip-los-angeles-2021
  Liabilities:US:Chase:Slate                       -24.84 USD
  Expenses:Food:Restaurant                          24.84 USD

2021-11-16 * "E.B.'s Beer and Wine" "" #trip-los-angeles-2021
  Liabilities:US:Chase:Slate                       -10.61 USD
  Expenses:Food:Alcohol                             10.61 USD

2021-11-17 * "Pampas Grill" "" #trip-los-angeles-2021
  Liabilities:US:Chase:Slate                       -27.54 USD
  Expenses:Food:Restaurant                          27.54 USD

2021-11-17 * "E.B.'s Beer and Wine" "" #trip-los-angeles-2021
  Liabilities:US:Chase:Slate                        -8.46 USD
  Expenses:Food:Alcohol                              8.46 USD

2021-11-18 * "Pampas Grill" "" #trip-los-angeles-2021
  Liabilities:US:Chase:Slate                       -21.91 USD
  Expenses:Food:Restaurant                          21.91 USD

2021-11-18 * "Starbucks" "" #trip-los-angeles-2021
  Liabilities:US:Chase:Slate                        -6.04 USD
  Expenses:Food:Coffee                               6.04 USD

2021-11-19 * "Mr. Marcel" "" #trip-los-angeles-2021
  Liabilities:US:Chase:Slate                       -53.69 USD
  Expenses:Food:Restaurant                          53.69 USD

2021-11-19 * "Pampas Grill" "" #trip-los-angeles-2021
  Liabilities:US:Chase:Slate                       -22.02 USD
  Expenses:Food:Restaurant                          22.02 USD

2021-11-20 * "Banana Leaf" "" #trip-los-angeles-2021
  Liabilities:US:Chase:Slate                       -24.19 USD
  Expenses:Food:Restaurant                          24.19 USD

2021-11-20 * "Dupar's" "" #trip-los-angeles-2021
  Liabilities:US:Chase:Slate                       -24.64 USD
  Expenses:Food:Restaurant                          24.64 USD

2021-11-20 * "Starbucks" "" #trip-los-angeles-2021
  Liabilities:US:Chase:Slate                        -5.98 USD
  Expenses:Food:Coffee                               5.98 USD

2021-11-21 * "Mr. Marcel" "" #trip-los-angeles-2021
  Liabilities:US:Chase:Slate                       -36.61 USD
  Expenses:Food:Restaurant                          36.61 USD

2021-11-21 * "Dupar's" "" #trip-los-angeles-2021
  Liabilities:US:Chase:Slate                       -23.84 USD
  Expenses:Food:Restaurant                          23.84 USD

2021-11-22 * "Mr. Marcel" "" #trip-los-angeles-2021
  Liabilities:US:Chase:Slate                       -38.61 USD
  Expenses:Food:Restaurant                          38.61 USD

2021-11-23 * "Dupar's" "" #trip-los-angeles-2021
  Liabilities:US:Chase:Slate                       -36.35 USD
  Expenses:Food:Restaurant                          36.35 USD

2021-11-24 * "Banana Leaf" "" #trip-los-angeles-2021
  Liabilities:US:Chase:Slate                       -25.12 USD
  Expenses:Food:Restaurant                          25.12 USD

2021-11-24 * "Dupar's" "" #trip-los-angeles-2021
  Liabilities:US:Chase:Slate                       -29.20 USD
  Expenses:Food:Restaurant                          29.20 USD

2021-11-25 balance Liabilities:US:Chase:Slate    -1354.86 USD

2021-11-25 * "Chipotle" "" #trip-los-angeles-2021
  Liabilities:US:Chase:Slate                       -12.59 USD
  Expenses:Food:Restaurant                          12.59 USD

2021-11-25 * "E.B.'s Beer and Wine" "" #trip-los-angeles-2021
  Liabilities:US:Chase:Slate                        -5.38 USD
  Expenses:Food:Alcohol                              5.38 USD

2021-11-26 * "Pampas Grill" "" #trip-los-angeles-2021
  Liabilities:US:Chase:Slate                       -26.26 USD
  Expenses:Food:Restaurant                          26.26 USD

2021-11-26 * "E.B.'s Beer and Wine" "" #trip-los-angeles-2021
  Liabilities:US:Chase:Slate                        -8.25 USD
  Expenses:Food:Alcohol                              8.25 USD

2021-11-27 * "Mr. Marcel" "" #trip-los-angeles-2021
  Liabilities:US:Chase:Slate                       -31.55 USD
  Expenses:Food:Restaurant                          31.55 USD

2021-11-27 * "Dupar's" "" #trip-los-angeles-2021
  Liabilities:US:Chase:Slate                       -27.23 USD
  Expenses:Food:Restaurant                          27.23 USD

2021-11-27 * "E.B.'s Beer and Wine" "" #trip-los-angeles-2021
  Liabilities:US:Chase:Slate                        -5.40 USD
  Expenses:Food:Alcohol                              5.40 USD

2021-11-28 * "Pampas Grill" "" #trip-los-angeles-2021
  Liabilities:US:Chase:Slate                       -27.55 USD
  Expenses:Food:Restaurant                          27.55 USD

2021-11-28 * "Chipotle" "" #trip-los-angeles-2021
  Liabilities:US:Chase:Slate                       -15.52 USD
  Expenses:Food:Restaurant                          15.52 USD

2021-11-29 * "Jewel of Morroco" "Eating out "
  Liabilities:US:Chase:Slate                       -42.30 USD
  Expenses:Food:Restaurant                          42.30 USD

2021-11-29 * "Mr. Marcel" "" #trip-los-angeles-2021
  Liabilities:US:Chase:Slate                       -50.22 USD
  Expenses:Food:Restaurant                          50.22 USD

2021-11-29 * "Dupar's" "" #trip-los-angeles-2021
  Liabilities:US:Chase:Slate                       -24.54 USD
  Expenses:Food:Restaurant                          24.54 USD

2021-11-29 * "Pampas Grill" "" #trip-los-angeles-2021
  Liabilities:US:Chase:Slate                       -26.67 USD
  Expenses:Food:Restaurant                          26.67 USD

2021-11-29 * "Chipotle" "" #trip-los-angeles-2021
  Liabilities:US:Chase:Slate                       -16.84 USD
  Expenses:Food:Restaurant                          16.84 USD

2021-11-29 * "Starbucks" "" #trip-los-angeles-2021
  Liabilities:US:Chase:Slate                        -7.11 USD
  Expenses:Food:Coffee                               7.11 USD

2021-11-29 * "E.B.'s Beer and Wine" "" #trip-los-angeles-2021
  Liabilities:US:Chase:Slate                        -8.46 USD
  Expenses:Food:Alcohol                              8.46 USD

2021-11-29 * "Consume vacation days"
  Assets:US:Babble:Vacation                          -136 VACHR
  Expenses:Vacation                                   136 VACHR

2021-11-29 event "location" "New Metropolis"

2021-12-02 * "Farmer Fresh" "Buying groceries"
  Liabilities:US:Chase:Slate                       -58.73 USD
  Expenses:Food:Groceries                           58.73 USD

2021-12-03 * "China Garden" "Eating out with Natasha"
  Liabilities:US:Chase:Slate                       -25.16 USD
  Expenses:Food:Restaurant                          25.16 USD

2021-12-07 * "Chase:Slate" "Paying off credit card"
  Liabilities:US:Chase:Slate                       216.55 USD
  Assets:US:BofA:Checking                         -216.55 USD

2021-12-08 * "Chichipotle" "Eating out with Julie"
  Liabilities:US:Chase:Slate                       -44.38 USD
  Expenses:Food:Restaurant                          44.38 USD

2021-12-10 * "Rose Flower" "Eating out after work"
  Liabilities:US:Chase:Slate                       -32.01 USD
  Expenses:Food:Restaurant                          32.01 USD

2021-12-15 * "Jewel of Morroco" "Eating out alone"
  Liabilities:US:Chase:Slate                       -15.19 USD
  Expenses:Food:Restaurant                          15.19 USD

2021-12-15 * "Metro Transport Authority" "Tram tickets"
  Liabilities:US:Chase:Slate                      -120.00 USD
  Expenses:Transport:Tram                          120.00 USD

2021-12-16 * "Jewel of Morroco" "Eating out with work buddies"
  Liabilities:US:Chase:Slate                       -14.60 USD
  Expenses:Food:Restaurant                          14.60 USD

2021-12-17 * "Onion Market" "Buying groceries"
  Liabilities:US:Chase:Slate                       -91.56 USD
  Expenses:Food:Groceries                           91.56 USD

2021-12-21 * "Goba Goba" "Eating out with Natasha"
  Liabilities:US:Chase:Slate                       -29.25 USD
  Expenses:Food:Restaurant                          29.25 USD

2021-12-22 balance Liabilities:US:Chase:Slate    -1905.06 USD

2021-12-26 * "Rose Flower" "Eating out "
  Liabilities:US:Chase:Slate                       -22.52 USD
  Expenses:Food:Restaurant                          22.52 USD

2021-12-30 * "Cafe Modagor" "Eating out alone"
  Liabilities:US:Chase:Slate                       -29.26 USD
  Expenses:Food:Restaurant                          29.26 USD

2022-01-02 * "Chichipotle" "Eating out with Natasha"
  Liabilities:US:Chase:Slate                       -22.51 USD
  Expenses:Food:Restaurant                          22.51 USD

2022-01-02 * "Good Moods Market" "Buying groceries"
  Liabilities:US:Chase:Slate                       -67.34 USD
  Expenses:Food:Groceries                           67.34 USD

2022-01-04 * "China Garden" "Eating out "
  Liabilities:US:Chase:Slate                       -27.16 USD
  Expenses:Food:Restaurant                          27.16 USD

2022-01-05 * "Jewel of Morroco" "Eating out after work"
  Liabilities:US:Chase:Slate                       -45.92 USD
  Expenses:Food:Restaurant                          45.92 USD

2022-01-07 * "Chase:Slate" "Paying off credit card"
  Liabilities:US:Chase:Slate                       534.35 USD
  Assets:US:BofA:Checking                         -534.35 USD

2022-01-10 * "Rose Flower" "Eating out with work buddies"
  Liabilities:US:Chase:Slate                       -17.03 USD
  Expenses:Food:Restaurant                          17.03 USD

2022-01-13 * "Jewel of Morroco" "Eating out with Bill"
  Liabilities:US:Chase:Slate                       -97.34 USD
  Expenses:Food:Restaurant                          97.34 USD

2022-01-13 * "Metro Transport Authority" "Tram tickets"
  Liabilities:US:Chase:Slate                      -120.00 USD
  Expenses:Transport:Tram                          120.00 USD

2022-01-14 * "Onion Market" "Buying groceries"
  Liabilities:US:Chase:Slate                      -108.33 USD
  Expenses:Food:Groceries                          108.33 USD

2022-01-18 balance Liabilities:US:Chase:Slate    -1928.12 USD

2022-01-18 * "Cafe Modagor" "Eating out with work buddies"
  Liabilities:US:Chase:Slate                       -31.08 USD
  Expenses:Food:Restaurant                          31.08 USD

2022-01-23 * "Chichipotle" "Eating out with Bill"
  Liabilities:US:Chase:Slate                       -32.22 USD
  Expenses:Food:Restaurant                          32.22 USD

2022-01-26 * "Goba Goba" "Eating out alone"
  Liabilities:US:Chase:Slate                       -12.38 USD
  Expenses:Food:Restaurant                          12.38 USD

2022-01-31 * "Cafe Modagor" "Eating out "
  Liabilities:US:Chase:Slate                       -22.33 USD
  Expenses:Food:Restaurant                          22.33 USD

2022-01-31 * "Farmer Fresh" "Buying groceries"
  Liabilities:US:Chase:Slate                       -70.00 USD
  Expenses:Food:Groceries                           70.00 USD

2022-02-01 * "China Garden" "Eating out with Natasha"
  Liabilities:US:Chase:Slate                       -39.25 USD
  Expenses:Food:Restaurant                          39.25 USD

2022-02-03 * "Uncle Boons" "Eating out with Natasha"
  Liabilities:US:Chase:Slate                       -29.62 USD
  Expenses:Food:Restaurant                          29.62 USD

2022-02-06 * "China Garden" "Eating out with Bill"
  Liabilities:US:Chase:Slate                       -32.00 USD
  Expenses:Food:Restaurant                          32.00 USD

2022-02-07 balance Liabilities:US:Chase:Slate    -2197.00 USD

2022-02-08 * "Uncle Boons" "Eating out alone"
  Liabilities:US:Chase:Slate                       -32.84 USD
  Expenses:Food:Restaurant                          32.84 USD

2022-02-09 * "Farmer Fresh" "Buying groceries"
  Liabilities:US:Chase:Slate                      -103.49 USD
  Expenses:Food:Groceries                          103.49 USD

2022-02-09 * "Chase:Slate" "Paying off credit card"
  Liabilities:US:Chase:Slate                       730.88 USD
  Assets:US:BofA:Checking                         -730.88 USD

2022-02-11 * "Kin Soy" "Eating out with Julie"
  Liabilities:US:Chase:Slate                       -41.83 USD
  Expenses:Food:Restaurant                          41.83 USD

2022-02-12 * "Goba Goba" "Eating out alone"
  Liabilities:US:Chase:Slate                       -47.88 USD
  Expenses:Food:Restaurant                          47.88 USD

2022-02-12 * "Metro Transport Authority" "Tram tickets"
  Liabilities:US:Chase:Slate                      -120.00 USD
  Expenses:Transport:Tram                          120.00 USD

2022-02-17 * "Goba Goba" "Eating out with Natasha"
  Liabilities:US:Chase:Slate                       -27.37 USD
  Expenses:Food:Restaurant                          27.37 USD

2022-02-21 * "Rose Flower" "Eating out with Joe"
  Liabilities:US:Chase:Slate                       -14.58 USD
  Expenses:Food:Restaurant                          14.58 USD

2022-02-24 * "Goba Goba" "Eating out with work buddies"
  Liabilities:US:Chase:Slate                       -24.96 USD
  Expenses:Food:Restaurant                          24.96 USD

2022-02-25 * "Corner Deli" "Buying groceries"
  Liabilities:US:Chase:Slate                       -78.81 USD
  Expenses:Food:Groceries                           78.81 USD

2022-02-26 * "Rose Flower" "Eating out with Bill"
  Liabilities:US:Chase:Slate                       -49.12 USD
  Expenses:Food:Restaurant                          49.12 USD

2022-02-28 * "Goba Goba" "Eating out after work"
  Liabilities:US:Chase:Slate                       -35.15 USD
  Expenses:Food:Restaurant                          35.15 USD

2022-03-01 * "Goba Goba" "Eating out "
  Liabilities:US:Chase:Slate                       -25.70 USD
  Expenses:Food:Restaurant                          25.70 USD

2022-03-02 * "Rose Flower" "Eating out with Bill"
  Liabilities:US:Chase:Slate                       -36.53 USD
  Expenses:Food:Restaurant                          36.53 USD

2022-03-02 * "Corner Deli" "Buying groceries"
  Liabilities:US:Chase:Slate                       -47.97 USD
  Expenses:Food:Groceries                           47.97 USD

2022-03-03 * "Chichipotle" "Eating out with Natasha"
  Liabilities:US:Chase:Slate                       -22.20 USD
  Expenses:Food:Restaurant                          22.20 USD

2022-03-06 balance Liabilities:US:Chase:Slate    -2174.55 USD

2022-03-07 * "Rose Flower" "Eating out with Joe"
  Liabilities:US:Chase:Slate                       -49.79 USD
  Expenses:Food:Restaurant                          49.79 USD

2022-03-09 * "Kin Soy" "Eating out with Bill"
  Liabilities:US:Chase:Slate                       -33.97 USD
  Expenses:Food:Restaurant                          33.97 USD

2022-03-10 * "Chase:Slate" "Paying off credit card"
  Liabilities:US:Chase:Slate                       700.60 USD
  Assets:US:BofA:Checking                         -700.60 USD

2022-03-13 * "Goba Goba" "Eating out with Natasha"
  Liabilities:US:Chase:Slate                       -44.74 USD
  Expenses:Food:Restaurant                          44.74 USD

2022-03-15 * "Metro Transport Authority" "Tram tickets"
  Liabilities:US:Chase:Slate                      -120.00 USD
  Expenses:Transport:Tram                          120.00 USD

2022-03-16 * "Rose Flower" "Eating out with Bill"
  Liabilities:US:Chase:Slate                       -37.79 USD
  Expenses:Food:Restaurant                          37.79 USD

2022-03-16 * "Onion Market" "Buying groceries"
  Liabilities:US:Chase:Slate                       -64.35 USD
  Expenses:Food:Groceries                           64.35 USD

2022-03-17 * "Uncle Boons" "Eating out with Bill"
  Liabilities:US:Chase:Slate                       -37.46 USD
  Expenses:Food:Restaurant                          37.46 USD

2022-03-19 * "Jewel of Morroco" "Eating out alone"
  Liabilities:US:Chase:Slate                       -36.64 USD
  Expenses:Food:Restaurant                          36.64 USD

2022-03-20 * "Cafe Modagor" "Eating out with Julie"
  Liabilities:US:Chase:Slate                       -48.14 USD
  Expenses:Food:Restaurant                          48.14 USD

2022-03-22 * "Chichipotle" "Eating out with Bill"
  Liabilities:US:Chase:Slate                       -11.43 USD
  Expenses:Food:Restaurant                          11.43 USD

2022-03-25 * "Jewel of Morroco" "Eating out alone"
  Liabilities:US:Chase:Slate                       -52.36 USD
  Expenses:Food:Restaurant                          52.36 USD

2022-03-26 * "Goba Goba" "Eating out with Bill"
  Liabilities:US:Chase:Slate                       -26.23 USD
  Expenses:Food:Restaurant                          26.23 USD

2022-03-27 * "Goba Goba" "Eating out with Bill"
  Liabilities:US:Chase:Slate                       -40.19 USD
  Expenses:Food:Restaurant                          40.19 USD

2022-03-29 * "Good Moods Market" "Buying groceries"
  Liabilities:US:Chase:Slate                       -36.46 USD
  Expenses:Food:Groceries                           36.46 USD

2022-03-30 * "Goba Goba" "Eating out with Natasha"
  Liabilities:US:Chase:Slate                       -33.82 USD
  Expenses:Food:Restaurant                          33.82 USD

2022-04-01 balance Liabilities:US:Chase:Slate    -2147.32 USD

2022-04-01 * "Uncle Boons" "Eating out with Natasha"
  Liabilities:US:Chase:Slate                       -21.48 USD
  Expenses:Food:Restaurant                          21.48 USD

2022-04-05 * "Kin Soy" "Eating out with Natasha"
  Liabilities:US:Chase:Slate                       -41.72 USD
  Expenses:Food:Restaurant                          41.72 USD

2022-04-07 * "Kin Soy" "Eating out with Natasha"
  Liabilities:US:Chase:Slate                       -18.06 USD
  Expenses:Food:Restaurant                          18.06 USD

2022-04-11 * "Uncle Boons" "Eating out alone"
  Liabilities:US:Chase:Slate                       -16.03 USD
  Expenses:Food:Restaurant                          16.03 USD

2022-04-11 * "Farmer Fresh" "Buying groceries"
  Liabilities:US:Chase:Slate                       -66.84 USD
  Expenses:Food:Groceries                           66.84 USD

2022-04-11 * "Chase:Slate" "Paying off credit card"
  Liabilities:US:Chase:Slate                       642.16 USD
  Assets:US:BofA:Checking                         -642.16 USD

2022-04-13 * "Rose Flower" "Eating out with Julie"
  Liabilities:US:Chase:Slate                       -51.37 USD
  Expenses:Food:Restaurant                          51.37 USD

2022-04-14 * "Metro Transport Authority" "Tram tickets"
  Liabilities:US:Chase:Slate                      -120.00 USD
  Expenses:Transport:Tram                          120.00 USD

2022-04-17 * "Uncle Boons" "Eating out with Natasha"
  Liabilities:US:Chase:Slate                       -33.08 USD
  Expenses:Food:Restaurant                          33.08 USD

2022-04-18 * "Onion Market" "Buying groceries"
  Liabilities:US:Chase:Slate                       -79.23 USD
  Expenses:Food:Groceries                           79.23 USD

2022-04-20 * "China Garden" "Eating out alone"
  Liabilities:US:Chase:Slate                       -30.44 USD
  Expenses:Food:Restaurant                          30.44 USD

2022-04-25 * "Chichipotle" "Eating out with Natasha"
  Liabilities:US:Chase:Slate                       -51.94 USD
  Expenses:Food:Restaurant                          51.94 USD

2022-04-26 balance Liabilities:US:Chase:Slate    -2035.35 USD

2022-04-26 * "Chichipotle" "Eating out with Joe"
  Liabilities:US:Chase:Slate                       -29.40 USD
  Expenses:Food:Restaurant                          29.40 USD

2022-04-28 * "Farmer Fresh" "Buying groceries"
  Liabilities:US:Chase:Slate                       -51.07 USD
  Expenses:Food:Groceries                           51.07 USD

2022-05-01 * "Chichipotle" "Eating out alone"
  Liabilities:US:Chase:Slate                       -19.12 USD
  Expenses:Food:Restaurant                          19.12 USD

2022-05-03 * "Rose Flower" "Eating out "
  Liabilities:US:Chase:Slate                       -20.71 USD
  Expenses:Food:Restaurant                          20.71 USD

2022-05-05 * "China Garden" "Eating out with Natasha"
  Liabilities:US:Chase:Slate                       -30.03 USD
  Expenses:Food:Restaurant                          30.03 USD

2022-05-09 * "Uncle Boons" "Eating out with Bill"
  Liabilities:US:Chase:Slate                       -27.36 USD
  Expenses:Food:Restaurant                          27.36 USD

2022-05-10 * "Chase:Slate" "Paying off credit card"
  Liabilities:US:Chase:Slate                       641.72 USD
  Assets:US:BofA:Checking                         -641.72 USD

2022-05-11 * "Cafe Modagor" "Eating out after work"
  Liabilities:US:Chase:Slate                       -31.13 USD
  Expenses:Food:Restaurant                          31.13 USD

2022-05-14 * "Metro Transport Authority" "Tram tickets"
  Liabilities:US:Chase:Slate                      -120.00 USD
  Expenses:Transport:Tram                          120.00 USD

2022-05-15 * "Good Moods Market" "Buying groceries"
  Liabilities:US:Chase:Slate                      -120.35 USD
  Expenses:Food:Groceries                          120.35 USD

2022-05-16 * "Chichipotle" "Eating out alone"
  Liabilities:US:Chase:Slate                       -61.44 USD
  Expenses:Food:Restaurant                          61.44 USD

2022-05-19 * "Cafe Modagor" "Eating out with work buddies"
  Liabilities:US:Chase:Slate                       -25.69 USD
  Expenses:Food:Restaurant                          25.69 USD

2022-05-23 * "Chichipotle" "Eating out with Bill"
  Liabilities:US:Chase:Slate                       -31.69 USD
  Expenses:Food:Restaurant                          31.69 USD

2022-05-24 balance Liabilities:US:Chase:Slate    -1961.62 USD

2022-05-27 * "Chichipotle" "Eating out with Bill"
  Liabilities:US:Chase:Slate                       -19.02 USD
  Expenses:Food:Restaurant                          19.02 USD

2022-05-27 * "Farmer Fresh" "Buying groceries"
  Liabilities:US:Chase:Slate                       -68.50 USD
  Expenses:Food:Groceries                           68.50 USD

2022-05-31 * "Jewel of Morroco" "Eating out with work buddies"
  Liabilities:US:Chase:Slate                       -36.12 USD
  Expenses:Food:Restaurant                          36.12 USD

2022-06-03 * "Goba Goba" "Eating out alone"
  Liabilities:US:Chase:Slate                       -20.17 USD
  Expenses:Food:Restaurant                          20.17 USD

2022-06-07 * "Cafe Modagor" "Eating out with Julie"
  Liabilities:US:Chase:Slate                       -24.63 USD
  Expenses:Food:Restaurant                          24.63 USD

2022-06-07 * "Corner Deli" "Buying groceries"
  Liabilities:US:Chase:Slate                       -72.65 USD
  Expenses:Food:Groceries                           72.65 USD

2022-06-12 * "Goba Goba" "Eating out with work buddies"
  Liabilities:US:Chase:Slate                       -36.16 USD
  Expenses:Food:Restaurant                          36.16 USD

2022-06-13 * "Metro Transport Authority" "Tram tickets"
  Liabilities:US:Chase:Slate                      -120.00 USD
  Expenses:Transport:Tram                          120.00 USD

2022-06-15 balance Liabilities:US:Chase:Slate    -2358.87 USD

2022-06-15 * "Corner Deli" "Buying groceries"
  Liabilities:US:Chase:Slate                       -82.83 USD
  Expenses:Food:Groceries                           82.83 USD

2022-06-16 * "Goba Goba" "Eating out with Bill"
  Liabilities:US:Chase:Slate                       -23.77 USD
  Expenses:Food:Restaurant                          23.77 USD

2022-06-21 * "Cafe Modagor" "Eating out with Bill"
  Liabilities:US:Chase:Slate                       -53.60 USD
  Expenses:Food:Restaurant                          53.60 USD

2022-06-25 * "Farmer Fresh" "Buying groceries"
  Liabilities:US:Chase:Slate                      -106.18 USD
  Expenses:Food:Groceries                          106.18 USD

2022-06-26 * "Rose Flower" "Eating out with Joe"
  Liabilities:US:Chase:Slate                       -36.68 USD
  Expenses:Food:Restaurant                          36.68 USD



* Taxable Investments

2020-01-01 open Assets:US:ETrade:Cash                       USD
2020-01-01 open Assets:US:ETrade:ITOT                       ITOT
2020-01-01 open Assets:US:ETrade:VEA                       VEA
2020-01-01 open Assets:US:ETrade:VHT                       VHT
2020-01-01 open Assets:US:ETrade:GLD                       GLD
2020-01-01 open Income:US:ETrade:PnL                        USD
2020-01-01 open Income:US:ETrade:ITOT:Dividend              USD
2020-01-01 open Income:US:ETrade:VEA:Dividend              USD
2020-01-01 open Income:US:ETrade:VHT:Dividend              USD
2020-01-01 open Income:US:ETrade:GLD:Dividend              USD

2020-09-17 * "Dividends on portfolio"
  Assets:US:ETrade:Cash                              0.00 USD
  Income:US:ETrade:GLD:Dividend                      0.00 USD

2020-09-29 * "Buy shares of GLD"
  Assets:US:ETrade:Cash                          -3863.71 USD
  Assets:US:ETrade:GLD                                 39 GLD {98.84 USD, 2020-09-29}
  Expenses:Financial:Commissions                     8.95 USD

2020-11-06 * "Buy shares of VEA"
  Assets:US:ETrade:Cash                          -4094.35 USD
  Assets:US:ETrade:VEA                                 22 VEA {185.70 USD, 2020-11-06}
  Expenses:Financial:Commissions                     8.95 USD

2020-12-17 * "Dividends on portfolio"
  Assets:US:ETrade:Cash                             31.76 USD
  Income:US:ETrade:VEA:Dividend                    -31.76 USD

2021-01-17 * "Sell shares of GLD"
  Assets:US:ETrade:GLD                                -39 GLD {98.84 USD, 2020-09-29} @ 99.82 USD
  Assets:US:ETrade:Cash                           3884.03 USD
  Expenses:Financial:Commissions                     8.95 USD
  Income:US:ETrade:PnL                             -38.22 USD

2021-02-04 * "Buy shares of ITOT"
  Assets:US:ETrade:Cash                          -1824.72 USD
  Assets:US:ETrade:ITOT                                11 ITOT {165.07 USD, 2021-02-04}
  Expenses:Financial:Commissions                     8.95 USD

2021-02-04 * "Buy shares of GLD"
  Assets:US:ETrade:Cash                          -1828.93 USD
  Assets:US:ETrade:GLD                                 18 GLD {101.11 USD, 2021-02-04}
  Expenses:Financial:Commissions                     8.95 USD

2021-03-18 * "Dividends on portfolio"
  Assets:US:ETrade:Cash                             46.30 USD
  Income:US:ETrade:VEA:Dividend                    -46.30 USD

2021-06-18 * "Dividends on portfolio"
  Assets:US:ETrade:Cash                             46.30 USD
  Income:US:ETrade:VEA:Dividend                    -46.30 USD

2021-07-16 * "Sell shares of ITOT"
  Assets:US:ETrade:ITOT                               -11 ITOT {165.07 USD, 2021-02-04} @ 170.89 USD
  Assets:US:ETrade:Cash                           1870.84 USD
  Expenses:Financial:Commissions                     8.95 USD
  Income:US:ETrade:PnL                             -64.02 USD

2021-07-22 * "Buy shares of VHT"
  Assets:US:ETrade:Cash                           -497.17 USD
  Assets:US:ETrade:VHT                                  2 VHT {244.11 USD, 2021-07-22}
  Expenses:Financial:Commissions                     8.95 USD

2021-07-22 * "Buy shares of ITOT"
  Assets:US:ETrade:Cash                           -692.51 USD
  Assets:US:ETrade:ITOT                                 4 ITOT {170.89 USD, 2021-07-22}
  Expenses:Financial:Commissions                     8.95 USD

2021-07-22 * "Buy shares of GLD"
  Assets:US:ETrade:Cash                           -663.61 USD
  Assets:US:ETrade:GLD                                  6 GLD {109.11 USD, 2021-07-22}
  Expenses:Financial:Commissions                     8.95 USD

2021-08-17 * "Buy shares of ITOT"
  Assets:US:ETrade:Cash                          -3597.22 USD
  Assets:US:ETrade:ITOT                                21 ITOT {170.87 USD, 2021-08-17}
  Expenses:Financial:Commissions                     8.95 USD

2021-08-27 * "Sell shares of VEA"
  Assets:US:ETrade:VEA                                -22 VEA {185.70 USD, 2020-11-06} @ 197.86 USD
  Assets:US:ETrade:Cash                           4343.97 USD
  Expenses:Financial:Commissions                     8.95 USD
  Income:US:ETrade:PnL                            -267.52 USD

2021-09-04 * "Buy shares of ITOT"
  Assets:US:ETrade:Cash                          -1022.47 USD
  Assets:US:ETrade:ITOT                                 6 ITOT {168.92 USD, 2021-09-04}
  Expenses:Financial:Commissions                     8.95 USD

2021-09-04 * "Buy shares of VHT"
  Assets:US:ETrade:Cash                           -993.87 USD
  Assets:US:ETrade:VHT                                  4 VHT {246.23 USD, 2021-09-04}
  Expenses:Financial:Commissions                     8.95 USD

2021-09-04 * "Buy shares of GLD"
  Assets:US:ETrade:Cash                          -1024.24 USD
  Assets:US:ETrade:GLD                                  9 GLD {112.81 USD, 2021-09-04}
  Expenses:Financial:Commissions                     8.95 USD

2021-09-04 * "Buy shares of VEA"
  Assets:US:ETrade:Cash                          -1013.05 USD
  Assets:US:ETrade:VEA                                  5 VEA {200.82 USD, 2021-09-04}
  Expenses:Financial:Commissions                     8.95 USD

2021-09-18 * "Dividends on portfolio"
  Assets:US:ETrade:Cash                             84.03 USD
  Income:US:ETrade:GLD:Dividend                    -84.03 USD

2021-10-27 * "Buy shares of ITOT"
  Assets:US:ETrade:Cash                          -1754.45 USD
  Assets:US:ETrade:ITOT                                10 ITOT {174.55 USD, 2021-10-27}
  Expenses:Financial:Commissions                     8.95 USD

2021-10-27 * "Buy shares of VEA"
  Assets:US:ETrade:Cash                          -1791.67 USD
  Assets:US:ETrade:VEA                                  9 VEA {198.08 USD, 2021-10-27}
  Expenses:Financial:Commissions                     8.95 USD

2021-11-19 * "Buy shares of ITOT"
  Assets:US:ETrade:Cash                          -1585.03 USD
  Assets:US:ETrade:ITOT                                 9 ITOT {175.12 USD, 2021-11-19}
  Expenses:Financial:Commissions                     8.95 USD

2021-11-19 * "Buy shares of VEA"
  Assets:US:ETrade:Cash                          -1547.75 USD
  Assets:US:ETrade:VEA                                  8 VEA {192.35 USD, 2021-11-19}
  Expenses:Financial:Commissions                     8.95 USD

2021-11-19 * "Buy shares of VHT"
  Assets:US:ETrade:Cash                          -1513.33 USD
  Assets:US:ETrade:VHT                                  6 VHT {250.73 USD, 2021-11-19}
  Expenses:Financial:Commissions                     8.95 USD

2021-11-20 * "Sell shares of VEA"
  Assets:US:ETrade:VEA                                 -9 VEA {198.08 USD, 2021-10-27} @ 192.35 USD
  Assets:US:ETrade:Cash                           1722.20 USD
  Expenses:Financial:Commissions                     8.95 USD
  Income:US:ETrade:PnL                              51.57 USD

2021-12-01 * "Buy shares of VHT"
  Assets:US:ETrade:Cash                           -261.21 USD
  Assets:US:ETrade:VHT                                  1 VHT {252.26 USD, 2021-12-01}
  Expenses:Financial:Commissions                     8.95 USD

2021-12-01 * "Buy shares of VEA"
  Assets:US:ETrade:Cash                           -386.07 USD
  Assets:US:ETrade:VEA                                  2 VEA {188.56 USD, 2021-12-01}
  Expenses:Financial:Commissions                     8.95 USD

2021-12-01 * "Buy shares of ITOT"
  Assets:US:ETrade:Cash                           -360.25 USD
  Assets:US:ETrade:ITOT                                 2 ITOT {175.65 USD, 2021-12-01}
  Expenses:Financial:Commissions                     8.95 USD

2021-12-01 * "Buy shares of GLD"
  Assets:US:ETrade:Cash                           -460.83 USD
  Assets:US:ETrade:GLD                                  4 GLD {112.97 USD, 2021-12-01}
  Expenses:Financial:Commissions                     8.95 USD

2021-12-17 * "Dividends on portfolio"
  Assets:US:ETrade:Cash                            122.35 USD
  Income:US:ETrade:VEA:Dividend                   -122.35 USD

2022-01-16 * "Sell shares of VEA"
  Assets:US:ETrade:VEA                                 -5 VEA {200.82 USD, 2021-09-04} @ 196.30 USD
  Assets:US:ETrade:Cash                            972.55 USD
  Expenses:Financial:Commissions                     8.95 USD
  Income:US:ETrade:PnL                              22.60 USD

2022-01-19 * "Buy shares of ITOT"
  Assets:US:ETrade:Cash                           -364.05 USD
  Assets:US:ETrade:ITOT                                 2 ITOT {177.55 USD, 2022-01-19}
  Expenses:Financial:Commissions                     8.95 USD

2022-01-19 * "Buy shares of VEA"
  Assets:US:ETrade:Cash                           -401.55 USD
  Assets:US:ETrade:VEA                                  2 VEA {196.30 USD, 2022-01-19}
  Expenses:Financial:Commissions                     8.95 USD

2022-01-19 * "Buy shares of VHT"
  Assets:US:ETrade:Cash                           -276.74 USD
  Assets:US:ETrade:VHT                                  1 VHT {267.79 USD, 2022-01-19}
  Expenses:Financial:Commissions                     8.95 USD

2022-03-10 * "Sell shares of VEA"
  Assets:US:ETrade:VEA                                 -8 VEA {192.35 USD, 2021-11-19} @ 186.05 USD
  Assets:US:ETrade:Cash                           1479.45 USD
  Expenses:Financial:Commissions                     8.95 USD
  Income:US:ETrade:PnL                              50.40 USD

2022-03-18 * "Dividends on portfolio"
  Assets:US:ETrade:Cash                            126.42 USD
  Income:US:ETrade:ITOT:Dividend                  -126.42 USD

2022-03-19 * "Buy shares of GLD"
  Assets:US:ETrade:Cash                          -1857.36 USD
  Assets:US:ETrade:GLD                                 17 GLD {108.73 USD, 2022-03-19}
  Expenses:Financial:Commissions                     8.95 USD

2022-05-24 * "Sell shares of GLD"
  Assets:US:ETrade:GLD                                 -9 GLD {112.81 USD, 2021-09-04} @ 107.30 USD
  Assets:US:ETrade:Cash                            956.75 USD
  Expenses:Financial:Commissions                     8.95 USD
  Income:US:ETrade:PnL                              49.59 USD

2022-06-18 * "Dividends on portfolio"
  Assets:US:ETrade:Cash                            133.81 USD
  Income:US:ETrade:ITOT:Dividend                  -133.81 USD

2022-06-23 * "Buy shares of ITOT"
  Assets:US:ETrade:Cash                          -1286.59 USD
  Assets:US:ETrade:ITOT                                 7 ITOT {182.52 USD, 2022-06-23}
  Expenses:Financial:Commissions                     8.95 USD

2022-06-23 * "Buy shares of GLD"
  Assets:US:ETrade:Cash                          -1292.11 USD
  Assets:US:ETrade:GLD                                 12 GLD {106.93 USD, 2022-06-23}
  Expenses:Financial:Commissions                     8.95 USD

2022-06-23 * "Buy shares of VHT"
  Assets:US:ETrade:Cash                          -1106.75 USD
  Assets:US:ETrade:VHT                                  4 VHT {274.45 USD, 2022-06-23}
  Expenses:Financial:Commissions                     8.95 USD



* Vanguard Investments

2020-01-01 open Assets:US:Vanguard:VBMPX                     VBMPX
  number: "882882"
2020-01-01 open Assets:US:Vanguard:RGAGX                     RGAGX
  number: "882882"
2020-01-01 open Assets:US:Vanguard                            USD
  address: "P.O. Box 1110, Valley Forge, PA 19482-1110"
  institution: "Vanguard Group"
  phone: "+1.800.523.1188"
2020-01-01 open Income:US:Babble:Match401k                   USD
2020-01-01 open Assets:US:Vanguard:Cash                       USD
  number: "882882"

2020-01-03 * "Employer match for contribution"
  Assets:US:Vanguard:Cash                          600.00 USD
  Income:US:Babble:Match401k                      -600.00 USD

2020-01-06 * "Investing 40% of cash in VBMPX"
  Assets:US:Vanguard:VBMPX                          3.196 VBMPX {150.17 USD, 2020-01-06}
  Assets:US:Vanguard:Cash                         -479.94 USD

2020-01-06 * "Investing 60% of cash in RGAGX"
  Assets:US:Vanguard:RGAGX                          4.547 RGAGX {158.34 USD, 2020-01-06}
  Assets:US:Vanguard:Cash                         -719.97 USD

2020-01-06 * "Investing 40% of cash in VBMPX"
  Assets:US:Vanguard:VBMPX                          1.598 VBMPX {150.17 USD, 2020-01-06}
  Assets:US:Vanguard:Cash                         -239.97 USD

2020-01-06 * "Investing 60% of cash in RGAGX"
  Assets:US:Vanguard:RGAGX                          2.274 RGAGX {158.34 USD, 2020-01-06}
  Assets:US:Vanguard:Cash                         -360.07 USD

2020-01-17 * "Employer match for contribution"
  Assets:US:Vanguard:Cash                          600.00 USD
  Income:US:Babble:Match401k                      -600.00 USD

2020-01-20 * "Investing 40% of cash in VBMPX"
  Assets:US:Vanguard:VBMPX                          3.312 VBMPX {144.92 USD, 2020-01-20}
  Assets:US:Vanguard:Cash                         -479.98 USD

2020-01-20 * "Investing 60% of cash in RGAGX"
  Assets:US:Vanguard:RGAGX                          4.535 RGAGX {158.76 USD, 2020-01-20}
  Assets:US:Vanguard:Cash                         -719.98 USD

2020-01-20 * "Investing 40% of cash in VBMPX"
  Assets:US:Vanguard:VBMPX                          1.656 VBMPX {144.92 USD, 2020-01-20}
  Assets:US:Vanguard:Cash                         -239.99 USD

2020-01-20 * "Investing 60% of cash in RGAGX"
  Assets:US:Vanguard:RGAGX                          2.268 RGAGX {158.76 USD, 2020-01-20}
  Assets:US:Vanguard:Cash                         -360.07 USD

2020-01-31 * "Employer match for contribution"
  Assets:US:Vanguard:Cash                          600.00 USD
  Income:US:Babble:Match401k                      -600.00 USD

2020-02-03 * "Investing 40% of cash in VBMPX"
  Assets:US:Vanguard:VBMPX                          3.284 VBMPX {146.18 USD, 2020-02-03}
  Assets:US:Vanguard:Cash                         -480.06 USD

2020-02-03 * "Investing 60% of cash in RGAGX"
  Assets:US:Vanguard:RGAGX                          4.547 RGAGX {158.35 USD, 2020-02-03}
  Assets:US:Vanguard:Cash                         -720.02 USD

2020-02-03 * "Investing 40% of cash in VBMPX"
  Assets:US:Vanguard:VBMPX                          1.642 VBMPX {146.18 USD, 2020-02-03}
  Assets:US:Vanguard:Cash                         -240.03 USD

2020-02-03 * "Investing 60% of cash in RGAGX"
  Assets:US:Vanguard:RGAGX                          2.273 RGAGX {158.35 USD, 2020-02-03}
  Assets:US:Vanguard:Cash                         -359.93 USD

2020-02-14 * "Employer match for contribution"
  Assets:US:Vanguard:Cash                          600.00 USD
  Income:US:Babble:Match401k                      -600.00 USD

2020-02-17 * "Investing 40% of cash in VBMPX"
  Assets:US:Vanguard:VBMPX                          3.360 VBMPX {142.87 USD, 2020-02-17}
  Assets:US:Vanguard:Cash                         -480.04 USD

2020-02-17 * "Investing 60% of cash in RGAGX"
  Assets:US:Vanguard:RGAGX                          4.584 RGAGX {157.06 USD, 2020-02-17}
  Assets:US:Vanguard:Cash                         -719.96 USD

2020-02-17 * "Investing 40% of cash in VBMPX"
  Assets:US:Vanguard:VBMPX                          1.680 VBMPX {142.87 USD, 2020-02-17}
  Assets:US:Vanguard:Cash                         -240.02 USD

2020-02-17 * "Investing 60% of cash in RGAGX"
  Assets:US:Vanguard:RGAGX                          2.292 RGAGX {157.06 USD, 2020-02-17}
  Assets:US:Vanguard:Cash                         -359.98 USD

2020-02-28 * "Employer match for contribution"
  Assets:US:Vanguard:Cash                          600.00 USD
  Income:US:Babble:Match401k                      -600.00 USD

2020-03-02 * "Investing 40% of cash in VBMPX"
  Assets:US:Vanguard:VBMPX                          3.321 VBMPX {144.53 USD, 2020-03-02}
  Assets:US:Vanguard:Cash                         -479.98 USD

2020-03-02 * "Investing 60% of cash in RGAGX"
  Assets:US:Vanguard:RGAGX                          4.554 RGAGX {158.11 USD, 2020-03-02}
  Assets:US:Vanguard:Cash                         -720.03 USD

2020-03-02 * "Investing 40% of cash in VBMPX"
  Assets:US:Vanguard:VBMPX                          1.660 VBMPX {144.53 USD, 2020-03-02}
  Assets:US:Vanguard:Cash                         -239.92 USD

2020-03-02 * "Investing 60% of cash in RGAGX"
  Assets:US:Vanguard:RGAGX                          2.277 RGAGX {158.11 USD, 2020-03-02}
  Assets:US:Vanguard:Cash                         -360.02 USD

2020-03-13 * "Employer match for contribution"
  Assets:US:Vanguard:Cash                          600.00 USD
  Income:US:Babble:Match401k                      -600.00 USD

2020-03-16 * "Investing 40% of cash in VBMPX"
  Assets:US:Vanguard:VBMPX                          3.315 VBMPX {144.80 USD, 2020-03-16}
  Assets:US:Vanguard:Cash                         -480.01 USD

2020-03-16 * "Investing 60% of cash in RGAGX"
  Assets:US:Vanguard:RGAGX                          4.507 RGAGX {159.76 USD, 2020-03-16}
  Assets:US:Vanguard:Cash                         -720.04 USD

2020-03-16 * "Investing 40% of cash in VBMPX"
  Assets:US:Vanguard:VBMPX                          1.657 VBMPX {144.80 USD, 2020-03-16}
  Assets:US:Vanguard:Cash                         -239.93 USD

2020-03-16 * "Investing 60% of cash in RGAGX"
  Assets:US:Vanguard:RGAGX                          2.253 RGAGX {159.76 USD, 2020-03-16}
  Assets:US:Vanguard:Cash                         -359.94 USD

2020-03-27 * "Employer match for contribution"
  Assets:US:Vanguard:Cash                          600.00 USD
  Income:US:Babble:Match401k                      -600.00 USD

2020-03-30 * "Investing 40% of cash in VBMPX"
  Assets:US:Vanguard:VBMPX                          3.330 VBMPX {144.14 USD, 2020-03-30}
  Assets:US:Vanguard:Cash                         -479.99 USD

2020-03-30 * "Investing 60% of cash in RGAGX"
  Assets:US:Vanguard:RGAGX                          4.459 RGAGX {161.48 USD, 2020-03-30}
  Assets:US:Vanguard:Cash                         -720.04 USD

2020-03-30 * "Investing 40% of cash in VBMPX"
  Assets:US:Vanguard:VBMPX                          1.665 VBMPX {144.14 USD, 2020-03-30}
  Assets:US:Vanguard:Cash                         -239.99 USD

2020-03-30 * "Investing 60% of cash in RGAGX"
  Assets:US:Vanguard:RGAGX                          2.230 RGAGX {161.48 USD, 2020-03-30}
  Assets:US:Vanguard:Cash                         -360.10 USD

2020-04-10 * "Employer match for contribution"
  Assets:US:Vanguard:Cash                          600.00 USD
  Income:US:Babble:Match401k                      -600.00 USD

2020-04-13 * "Investing 40% of cash in VBMPX"
  Assets:US:Vanguard:VBMPX                          3.256 VBMPX {147.41 USD, 2020-04-13}
  Assets:US:Vanguard:Cash                         -479.97 USD

2020-04-13 * "Investing 60% of cash in RGAGX"
  Assets:US:Vanguard:RGAGX                          4.492 RGAGX {160.28 USD, 2020-04-13}
  Assets:US:Vanguard:Cash                         -719.98 USD

2020-04-13 * "Investing 40% of cash in VBMPX"
  Assets:US:Vanguard:VBMPX                          1.628 VBMPX {147.41 USD, 2020-04-13}
  Assets:US:Vanguard:Cash                         -239.98 USD

2020-04-13 * "Investing 60% of cash in RGAGX"
  Assets:US:Vanguard:RGAGX                          2.246 RGAGX {160.28 USD, 2020-04-13}
  Assets:US:Vanguard:Cash                         -359.99 USD

2020-04-24 * "Employer match for contribution"
  Assets:US:Vanguard:Cash                          600.00 USD
  Income:US:Babble:Match401k                      -600.00 USD

2020-04-27 * "Investing 40% of cash in VBMPX"
  Assets:US:Vanguard:VBMPX                          3.292 VBMPX {145.83 USD, 2020-04-27}
  Assets:US:Vanguard:Cash                         -480.07 USD

2020-04-27 * "Investing 60% of cash in RGAGX"
  Assets:US:Vanguard:RGAGX                          4.434 RGAGX {162.41 USD, 2020-04-27}
  Assets:US:Vanguard:Cash                         -720.13 USD

2020-04-27 * "Investing 40% of cash in VBMPX"
  Assets:US:Vanguard:VBMPX                          1.645 VBMPX {145.83 USD, 2020-04-27}
  Assets:US:Vanguard:Cash                         -239.89 USD

2020-04-27 * "Investing 60% of cash in RGAGX"
  Assets:US:Vanguard:RGAGX                          2.216 RGAGX {162.41 USD, 2020-04-27}
  Assets:US:Vanguard:Cash                         -359.90 USD

2020-05-08 * "Employer match for contribution"
  Assets:US:Vanguard:Cash                          600.00 USD
  Income:US:Babble:Match401k                      -600.00 USD

2020-05-11 * "Investing 40% of cash in VBMPX"
  Assets:US:Vanguard:VBMPX                          3.255 VBMPX {147.49 USD, 2020-05-11}
  Assets:US:Vanguard:Cash                         -480.08 USD

2020-05-11 * "Investing 60% of cash in RGAGX"
  Assets:US:Vanguard:RGAGX                          4.387 RGAGX {164.12 USD, 2020-05-11}
  Assets:US:Vanguard:Cash                         -719.99 USD

2020-05-11 * "Investing 40% of cash in VBMPX"
  Assets:US:Vanguard:VBMPX                          1.627 VBMPX {147.49 USD, 2020-05-11}
  Assets:US:Vanguard:Cash                         -239.97 USD

2020-05-11 * "Investing 60% of cash in RGAGX"
  Assets:US:Vanguard:RGAGX                          2.194 RGAGX {164.12 USD, 2020-05-11}
  Assets:US:Vanguard:Cash                         -360.08 USD

2020-05-22 * "Employer match for contribution"
  Assets:US:Vanguard:Cash                          600.00 USD
  Income:US:Babble:Match401k                      -600.00 USD

2020-05-25 * "Investing 40% of cash in VBMPX"
  Assets:US:Vanguard:VBMPX                          3.159 VBMPX {151.92 USD, 2020-05-25}
  Assets:US:Vanguard:Cash                         -479.92 USD

2020-05-25 * "Investing 60% of cash in RGAGX"
  Assets:US:Vanguard:RGAGX                          4.474 RGAGX {160.94 USD, 2020-05-25}
  Assets:US:Vanguard:Cash                         -720.05 USD

2020-05-25 * "Investing 40% of cash in VBMPX"
  Assets:US:Vanguard:VBMPX                          1.580 VBMPX {151.92 USD, 2020-05-25}
  Assets:US:Vanguard:Cash                         -240.03 USD

2020-05-25 * "Investing 60% of cash in RGAGX"
  Assets:US:Vanguard:RGAGX                          2.237 RGAGX {160.94 USD, 2020-05-25}
  Assets:US:Vanguard:Cash                         -360.02 USD

2020-06-05 * "Employer match for contribution"
  Assets:US:Vanguard:Cash                          600.00 USD
  Income:US:Babble:Match401k                      -600.00 USD

2020-06-08 * "Investing 40% of cash in VBMPX"
  Assets:US:Vanguard:VBMPX                          3.120 VBMPX {153.83 USD, 2020-06-08}
  Assets:US:Vanguard:Cash                         -479.95 USD

2020-06-08 * "Investing 60% of cash in RGAGX"
  Assets:US:Vanguard:RGAGX                          4.445 RGAGX {161.97 USD, 2020-06-08}
  Assets:US:Vanguard:Cash                         -719.96 USD

2020-06-08 * "Investing 40% of cash in VBMPX"
  Assets:US:Vanguard:VBMPX                          1.560 VBMPX {153.83 USD, 2020-06-08}
  Assets:US:Vanguard:Cash                         -239.97 USD

2020-06-08 * "Investing 60% of cash in RGAGX"
  Assets:US:Vanguard:RGAGX                          2.223 RGAGX {161.97 USD, 2020-06-08}
  Assets:US:Vanguard:Cash                         -360.06 USD

2020-06-19 * "Employer match for contribution"
  Assets:US:Vanguard:Cash                          600.00 USD
  Income:US:Babble:Match401k                      -600.00 USD

2020-06-22 * "Investing 40% of cash in VBMPX"
  Assets:US:Vanguard:VBMPX                          3.073 VBMPX {156.18 USD, 2020-06-22}
  Assets:US:Vanguard:Cash                         -479.94 USD

2020-06-22 * "Investing 60% of cash in RGAGX"
  Assets:US:Vanguard:RGAGX                          4.346 RGAGX {165.69 USD, 2020-06-22}
  Assets:US:Vanguard:Cash                         -720.09 USD

2020-06-22 * "Investing 40% of cash in VBMPX"
  Assets:US:Vanguard:VBMPX                          1.537 VBMPX {156.18 USD, 2020-06-22}
  Assets:US:Vanguard:Cash                         -240.05 USD

2020-06-22 * "Investing 60% of cash in RGAGX"
  Assets:US:Vanguard:RGAGX                          2.173 RGAGX {165.69 USD, 2020-06-22}
  Assets:US:Vanguard:Cash                         -360.04 USD

2020-07-03 * "Employer match for contribution"
  Assets:US:Vanguard:Cash                          600.00 USD
  Income:US:Babble:Match401k                      -600.00 USD

2020-07-06 * "Investing 40% of cash in VBMPX"
  Assets:US:Vanguard:VBMPX                          3.166 VBMPX {151.58 USD, 2020-07-06}
  Assets:US:Vanguard:Cash                         -479.90 USD

2020-07-06 * "Investing 60% of cash in RGAGX"
  Assets:US:Vanguard:RGAGX                          4.309 RGAGX {167.09 USD, 2020-07-06}
  Assets:US:Vanguard:Cash                         -719.99 USD

2020-07-06 * "Investing 40% of cash in VBMPX"
  Assets:US:Vanguard:VBMPX                          1.583 VBMPX {151.58 USD, 2020-07-06}
  Assets:US:Vanguard:Cash                         -239.95 USD

2020-07-06 * "Investing 60% of cash in RGAGX"
  Assets:US:Vanguard:RGAGX                          2.155 RGAGX {167.09 USD, 2020-07-06}
  Assets:US:Vanguard:Cash                         -360.08 USD

2020-07-17 * "Employer match for contribution"
  Assets:US:Vanguard:Cash                          600.00 USD
  Income:US:Babble:Match401k                      -600.00 USD

2020-07-20 * "Investing 40% of cash in VBMPX"
  Assets:US:Vanguard:VBMPX                          3.232 VBMPX {148.49 USD, 2020-07-20}
  Assets:US:Vanguard:Cash                         -479.92 USD

2020-07-20 * "Investing 60% of cash in RGAGX"
  Assets:US:Vanguard:RGAGX                          4.261 RGAGX {168.98 USD, 2020-07-20}
  Assets:US:Vanguard:Cash                         -720.02 USD

2020-07-20 * "Investing 40% of cash in VBMPX"
  Assets:US:Vanguard:VBMPX                          1.616 VBMPX {148.49 USD, 2020-07-20}
  Assets:US:Vanguard:Cash                         -239.96 USD

2020-07-20 * "Investing 60% of cash in RGAGX"
  Assets:US:Vanguard:RGAGX                          2.131 RGAGX {168.98 USD, 2020-07-20}
  Assets:US:Vanguard:Cash                         -360.10 USD

2020-07-31 * "Employer match for contribution"
  Assets:US:Vanguard:Cash                          250.00 USD
  Income:US:Babble:Match401k                      -250.00 USD

2020-08-03 * "Investing 40% of cash in VBMPX"
  Assets:US:Vanguard:VBMPX                          1.351 VBMPX {148.06 USD, 2020-08-03}
  Assets:US:Vanguard:Cash                         -200.03 USD

2020-08-03 * "Investing 60% of cash in RGAGX"
  Assets:US:Vanguard:RGAGX                          1.793 RGAGX {167.28 USD, 2020-08-03}
  Assets:US:Vanguard:Cash                         -299.93 USD

2020-08-03 * "Investing 40% of cash in VBMPX"
  Assets:US:Vanguard:VBMPX                          0.675 VBMPX {148.06 USD, 2020-08-03}
  Assets:US:Vanguard:Cash                          -99.94 USD

2020-08-03 * "Investing 60% of cash in RGAGX"
  Assets:US:Vanguard:RGAGX                          0.897 RGAGX {167.28 USD, 2020-08-03}
  Assets:US:Vanguard:Cash                         -150.05 USD

2021-01-15 * "Employer match for contribution"
  Assets:US:Vanguard:Cash                          600.00 USD
  Income:US:Babble:Match401k                      -600.00 USD

2021-01-18 * "Investing 40% of cash in VBMPX"
  Assets:US:Vanguard:VBMPX                          3.015 VBMPX {159.20 USD, 2021-01-18}
  Assets:US:Vanguard:Cash                         -479.99 USD

2021-01-18 * "Investing 60% of cash in RGAGX"
  Assets:US:Vanguard:RGAGX                          4.148 RGAGX {173.60 USD, 2021-01-18}
  Assets:US:Vanguard:Cash                         -720.09 USD

2021-01-18 * "Investing 40% of cash in VBMPX"
  Assets:US:Vanguard:VBMPX                          1.507 VBMPX {159.20 USD, 2021-01-18}
  Assets:US:Vanguard:Cash                         -239.91 USD

2021-01-18 * "Investing 60% of cash in RGAGX"
  Assets:US:Vanguard:RGAGX                          2.074 RGAGX {173.60 USD, 2021-01-18}
  Assets:US:Vanguard:Cash                         -360.05 USD

2021-01-29 * "Employer match for contribution"
  Assets:US:Vanguard:Cash                          600.00 USD
  Income:US:Babble:Match401k                      -600.00 USD

2021-02-01 * "Investing 40% of cash in VBMPX"
  Assets:US:Vanguard:VBMPX                          3.080 VBMPX {155.82 USD, 2021-02-01}
  Assets:US:Vanguard:Cash                         -479.93 USD

2021-02-01 * "Investing 60% of cash in RGAGX"
  Assets:US:Vanguard:RGAGX                          4.114 RGAGX {175.03 USD, 2021-02-01}
  Assets:US:Vanguard:Cash                         -720.07 USD

2021-02-01 * "Investing 40% of cash in VBMPX"
  Assets:US:Vanguard:VBMPX                          1.540 VBMPX {155.82 USD, 2021-02-01}
  Assets:US:Vanguard:Cash                         -239.96 USD

2021-02-01 * "Investing 60% of cash in RGAGX"
  Assets:US:Vanguard:RGAGX                          2.057 RGAGX {175.03 USD, 2021-02-01}
  Assets:US:Vanguard:Cash                         -360.04 USD

2021-02-12 * "Employer match for contribution"
  Assets:US:Vanguard:Cash                          600.00 USD
  Income:US:Babble:Match401k                      -600.00 USD

2021-02-15 * "Investing 40% of cash in VBMPX"
  Assets:US:Vanguard:VBMPX                          3.062 VBMPX {156.77 USD, 2021-02-15}
  Assets:US:Vanguard:Cash                         -480.03 USD

2021-02-15 * "Investing 60% of cash in RGAGX"
  Assets:US:Vanguard:RGAGX                          4.089 RGAGX {176.09 USD, 2021-02-15}
  Assets:US:Vanguard:Cash                         -720.03 USD

2021-02-15 * "Investing 40% of cash in VBMPX"
  Assets:US:Vanguard:VBMPX                          1.531 VBMPX {156.77 USD, 2021-02-15}
  Assets:US:Vanguard:Cash                         -240.01 USD

2021-02-15 * "Investing 60% of cash in RGAGX"
  Assets:US:Vanguard:RGAGX                          2.044 RGAGX {176.09 USD, 2021-02-15}
  Assets:US:Vanguard:Cash                         -359.93 USD

2021-02-26 * "Employer match for contribution"
  Assets:US:Vanguard:Cash                          600.00 USD
  Income:US:Babble:Match401k                      -600.00 USD

2021-03-01 * "Investing 40% of cash in VBMPX"
  Assets:US:Vanguard:VBMPX                          2.985 VBMPX {160.81 USD, 2021-03-01}
  Assets:US:Vanguard:Cash                         -480.02 USD

2021-03-01 * "Investing 60% of cash in RGAGX"
  Assets:US:Vanguard:RGAGX                          4.006 RGAGX {179.73 USD, 2021-03-01}
  Assets:US:Vanguard:Cash                         -720.00 USD

2021-03-01 * "Investing 40% of cash in VBMPX"
  Assets:US:Vanguard:VBMPX                          1.492 VBMPX {160.81 USD, 2021-03-01}
  Assets:US:Vanguard:Cash                         -239.93 USD

2021-03-01 * "Investing 60% of cash in RGAGX"
  Assets:US:Vanguard:RGAGX                          2.003 RGAGX {179.73 USD, 2021-03-01}
  Assets:US:Vanguard:Cash                         -360.00 USD

2021-03-12 * "Employer match for contribution"
  Assets:US:Vanguard:Cash                          600.00 USD
  Income:US:Babble:Match401k                      -600.00 USD

2021-03-15 * "Investing 40% of cash in VBMPX"
  Assets:US:Vanguard:VBMPX                          3.149 VBMPX {152.41 USD, 2021-03-15}
  Assets:US:Vanguard:Cash                         -479.94 USD

2021-03-15 * "Investing 60% of cash in RGAGX"
  Assets:US:Vanguard:RGAGX                          4.059 RGAGX {177.40 USD, 2021-03-15}
  Assets:US:Vanguard:Cash                         -720.07 USD

2021-03-15 * "Investing 40% of cash in VBMPX"
  Assets:US:Vanguard:VBMPX                          1.575 VBMPX {152.41 USD, 2021-03-15}
  Assets:US:Vanguard:Cash                         -240.05 USD

2021-03-15 * "Investing 60% of cash in RGAGX"
  Assets:US:Vanguard:RGAGX                          2.029 RGAGX {177.40 USD, 2021-03-15}
  Assets:US:Vanguard:Cash                         -359.94 USD

2021-03-26 * "Employer match for contribution"
  Assets:US:Vanguard:Cash                          600.00 USD
  Income:US:Babble:Match401k                      -600.00 USD

2021-03-29 * "Investing 40% of cash in VBMPX"
  Assets:US:Vanguard:VBMPX                          3.172 VBMPX {151.34 USD, 2021-03-29}
  Assets:US:Vanguard:Cash                         -480.05 USD

2021-03-29 * "Investing 60% of cash in RGAGX"
  Assets:US:Vanguard:RGAGX                          4.121 RGAGX {174.71 USD, 2021-03-29}
  Assets:US:Vanguard:Cash                         -719.98 USD

2021-03-29 * "Investing 40% of cash in VBMPX"
  Assets:US:Vanguard:VBMPX                          1.586 VBMPX {151.34 USD, 2021-03-29}
  Assets:US:Vanguard:Cash                         -240.03 USD

2021-03-29 * "Investing 60% of cash in RGAGX"
  Assets:US:Vanguard:RGAGX                          2.061 RGAGX {174.71 USD, 2021-03-29}
  Assets:US:Vanguard:Cash                         -360.08 USD

2021-04-09 * "Employer match for contribution"
  Assets:US:Vanguard:Cash                          600.00 USD
  Income:US:Babble:Match401k                      -600.00 USD

2021-04-12 * "Investing 40% of cash in VBMPX"
  Assets:US:Vanguard:VBMPX                          3.160 VBMPX {151.90 USD, 2021-04-12}
  Assets:US:Vanguard:Cash                         -480.00 USD

2021-04-12 * "Investing 60% of cash in RGAGX"
  Assets:US:Vanguard:RGAGX                          4.178 RGAGX {172.33 USD, 2021-04-12}
  Assets:US:Vanguard:Cash                         -719.99 USD

2021-04-12 * "Investing 40% of cash in VBMPX"
  Assets:US:Vanguard:VBMPX                          1.580 VBMPX {151.90 USD, 2021-04-12}
  Assets:US:Vanguard:Cash                         -240.00 USD

2021-04-12 * "Investing 60% of cash in RGAGX"
  Assets:US:Vanguard:RGAGX                          2.089 RGAGX {172.33 USD, 2021-04-12}
  Assets:US:Vanguard:Cash                         -360.00 USD

2021-04-23 * "Employer match for contribution"
  Assets:US:Vanguard:Cash                          600.00 USD
  Income:US:Babble:Match401k                      -600.00 USD

2021-04-26 * "Investing 40% of cash in VBMPX"
  Assets:US:Vanguard:VBMPX                          3.262 VBMPX {147.13 USD, 2021-04-26}
  Assets:US:Vanguard:Cash                         -479.94 USD

2021-04-26 * "Investing 60% of cash in RGAGX"
  Assets:US:Vanguard:RGAGX                          4.205 RGAGX {171.20 USD, 2021-04-26}
  Assets:US:Vanguard:Cash                         -719.90 USD

2021-04-26 * "Investing 40% of cash in VBMPX"
  Assets:US:Vanguard:VBMPX                          1.631 VBMPX {147.13 USD, 2021-04-26}
  Assets:US:Vanguard:Cash                         -239.97 USD

2021-04-26 * "Investing 60% of cash in RGAGX"
  Assets:US:Vanguard:RGAGX                          2.103 RGAGX {171.20 USD, 2021-04-26}
  Assets:US:Vanguard:Cash                         -360.03 USD

2021-05-07 * "Employer match for contribution"
  Assets:US:Vanguard:Cash                          600.00 USD
  Income:US:Babble:Match401k                      -600.00 USD

2021-05-10 * "Investing 40% of cash in VBMPX"
  Assets:US:Vanguard:VBMPX                          3.297 VBMPX {145.58 USD, 2021-05-10}
  Assets:US:Vanguard:Cash                         -479.98 USD

2021-05-10 * "Investing 60% of cash in RGAGX"
  Assets:US:Vanguard:RGAGX                          4.282 RGAGX {168.16 USD, 2021-05-10}
  Assets:US:Vanguard:Cash                         -720.06 USD

2021-05-10 * "Investing 40% of cash in VBMPX"
  Assets:US:Vanguard:VBMPX                          1.649 VBMPX {145.58 USD, 2021-05-10}
  Assets:US:Vanguard:Cash                         -240.06 USD

2021-05-10 * "Investing 60% of cash in RGAGX"
  Assets:US:Vanguard:RGAGX                          2.141 RGAGX {168.16 USD, 2021-05-10}
  Assets:US:Vanguard:Cash                         -360.03 USD

2021-05-21 * "Employer match for contribution"
  Assets:US:Vanguard:Cash                          600.00 USD
  Income:US:Babble:Match401k                      -600.00 USD

2021-05-24 * "Investing 40% of cash in VBMPX"
  Assets:US:Vanguard:VBMPX                          3.278 VBMPX {146.44 USD, 2021-05-24}
  Assets:US:Vanguard:Cash                         -480.03 USD

2021-05-24 * "Investing 60% of cash in RGAGX"
  Assets:US:Vanguard:RGAGX                          4.202 RGAGX {171.35 USD, 2021-05-24}
  Assets:US:Vanguard:Cash                         -720.01 USD

2021-05-24 * "Investing 40% of cash in VBMPX"
  Assets:US:Vanguard:VBMPX                          1.639 VBMPX {146.44 USD, 2021-05-24}
  Assets:US:Vanguard:Cash                         -240.02 USD

2021-05-24 * "Investing 60% of cash in RGAGX"
  Assets:US:Vanguard:RGAGX                          2.101 RGAGX {171.35 USD, 2021-05-24}
  Assets:US:Vanguard:Cash                         -360.01 USD

2021-06-04 * "Employer match for contribution"
  Assets:US:Vanguard:Cash                          600.00 USD
  Income:US:Babble:Match401k                      -600.00 USD

2021-06-07 * "Investing 40% of cash in VBMPX"
  Assets:US:Vanguard:VBMPX                          3.255 VBMPX {147.46 USD, 2021-06-07}
  Assets:US:Vanguard:Cash                         -479.98 USD

2021-06-07 * "Investing 60% of cash in RGAGX"
  Assets:US:Vanguard:RGAGX                          4.307 RGAGX {167.15 USD, 2021-06-07}
  Assets:US:Vanguard:Cash                         -719.92 USD

2021-06-07 * "Investing 40% of cash in VBMPX"
  Assets:US:Vanguard:VBMPX                          1.627 VBMPX {147.46 USD, 2021-06-07}
  Assets:US:Vanguard:Cash                         -239.92 USD

2021-06-07 * "Investing 60% of cash in RGAGX"
  Assets:US:Vanguard:RGAGX                          2.154 RGAGX {167.15 USD, 2021-06-07}
  Assets:US:Vanguard:Cash                         -360.04 USD

2021-06-18 * "Employer match for contribution"
  Assets:US:Vanguard:Cash                          600.00 USD
  Income:US:Babble:Match401k                      -600.00 USD

2021-06-21 * "Investing 40% of cash in VBMPX"
  Assets:US:Vanguard:VBMPX                          3.270 VBMPX {146.79 USD, 2021-06-21}
  Assets:US:Vanguard:Cash                         -480.00 USD

2021-06-21 * "Investing 60% of cash in RGAGX"
  Assets:US:Vanguard:RGAGX                          4.242 RGAGX {169.72 USD, 2021-06-21}
  Assets:US:Vanguard:Cash                         -719.95 USD

2021-06-21 * "Investing 40% of cash in VBMPX"
  Assets:US:Vanguard:VBMPX                          1.635 VBMPX {146.79 USD, 2021-06-21}
  Assets:US:Vanguard:Cash                         -240.00 USD

2021-06-21 * "Investing 60% of cash in RGAGX"
  Assets:US:Vanguard:RGAGX                          2.121 RGAGX {169.72 USD, 2021-06-21}
  Assets:US:Vanguard:Cash                         -359.98 USD

2021-07-02 * "Employer match for contribution"
  Assets:US:Vanguard:Cash                          600.00 USD
  Income:US:Babble:Match401k                      -600.00 USD

2021-07-05 * "Investing 40% of cash in VBMPX"
  Assets:US:Vanguard:VBMPX                          3.371 VBMPX {142.41 USD, 2021-07-05}
  Assets:US:Vanguard:Cash                         -480.06 USD

2021-07-05 * "Investing 60% of cash in RGAGX"
  Assets:US:Vanguard:RGAGX                          4.244 RGAGX {169.65 USD, 2021-07-05}
  Assets:US:Vanguard:Cash                         -719.99 USD

2021-07-05 * "Investing 40% of cash in VBMPX"
  Assets:US:Vanguard:VBMPX                          1.685 VBMPX {142.41 USD, 2021-07-05}
  Assets:US:Vanguard:Cash                         -239.96 USD

2021-07-05 * "Investing 60% of cash in RGAGX"
  Assets:US:Vanguard:RGAGX                          2.122 RGAGX {169.65 USD, 2021-07-05}
  Assets:US:Vanguard:Cash                         -360.00 USD

2021-07-16 * "Employer match for contribution"
  Assets:US:Vanguard:Cash                          600.00 USD
  Income:US:Babble:Match401k                      -600.00 USD

2021-07-19 * "Investing 40% of cash in VBMPX"
  Assets:US:Vanguard:VBMPX                          3.277 VBMPX {146.47 USD, 2021-07-19}
  Assets:US:Vanguard:Cash                         -479.98 USD

2021-07-19 * "Investing 60% of cash in RGAGX"
  Assets:US:Vanguard:RGAGX                          4.198 RGAGX {171.50 USD, 2021-07-19}
  Assets:US:Vanguard:Cash                         -719.96 USD

2021-07-19 * "Investing 40% of cash in VBMPX"
  Assets:US:Vanguard:VBMPX                          1.639 VBMPX {146.47 USD, 2021-07-19}
  Assets:US:Vanguard:Cash                         -240.06 USD

2021-07-19 * "Investing 60% of cash in RGAGX"
  Assets:US:Vanguard:RGAGX                          2.100 RGAGX {171.50 USD, 2021-07-19}
  Assets:US:Vanguard:Cash                         -360.15 USD

2021-07-30 * "Employer match for contribution"
  Assets:US:Vanguard:Cash                          600.00 USD
  Income:US:Babble:Match401k                      -600.00 USD

2021-08-02 * "Investing 40% of cash in VBMPX"
  Assets:US:Vanguard:VBMPX                          3.337 VBMPX {143.85 USD, 2021-08-02}
  Assets:US:Vanguard:Cash                         -480.03 USD

2021-08-02 * "Investing 60% of cash in RGAGX"
  Assets:US:Vanguard:RGAGX                          4.251 RGAGX {169.37 USD, 2021-08-02}
  Assets:US:Vanguard:Cash                         -719.99 USD

2021-08-02 * "Investing 40% of cash in VBMPX"
  Assets:US:Vanguard:VBMPX                          1.668 VBMPX {143.85 USD, 2021-08-02}
  Assets:US:Vanguard:Cash                         -239.94 USD

2021-08-02 * "Investing 60% of cash in RGAGX"
  Assets:US:Vanguard:RGAGX                          2.125 RGAGX {169.37 USD, 2021-08-02}
  Assets:US:Vanguard:Cash                         -359.91 USD

2021-08-13 * "Employer match for contribution"
  Assets:US:Vanguard:Cash                          250.00 USD
  Income:US:Babble:Match401k                      -250.00 USD

2021-08-16 * "Investing 40% of cash in VBMPX"
  Assets:US:Vanguard:VBMPX                          1.358 VBMPX {147.32 USD, 2021-08-16}
  Assets:US:Vanguard:Cash                         -200.06 USD

2021-08-16 * "Investing 60% of cash in RGAGX"
  Assets:US:Vanguard:RGAGX                          1.760 RGAGX {170.51 USD, 2021-08-16}
  Assets:US:Vanguard:Cash                         -300.10 USD

2021-08-16 * "Investing 40% of cash in VBMPX"
  Assets:US:Vanguard:VBMPX                          0.678 VBMPX {147.32 USD, 2021-08-16}
  Assets:US:Vanguard:Cash                          -99.88 USD

2021-08-16 * "Investing 60% of cash in RGAGX"
  Assets:US:Vanguard:RGAGX                          0.879 RGAGX {170.51 USD, 2021-08-16}
  Assets:US:Vanguard:Cash                         -149.88 USD

2022-01-14 * "Employer match for contribution"
  Assets:US:Vanguard:Cash                          600.00 USD
  Income:US:Babble:Match401k                      -600.00 USD

2022-01-17 * "Investing 40% of cash in VBMPX"
  Assets:US:Vanguard:VBMPX                          3.055 VBMPX {157.13 USD, 2022-01-17}
  Assets:US:Vanguard:Cash                         -480.03 USD

2022-01-17 * "Investing 60% of cash in RGAGX"
  Assets:US:Vanguard:RGAGX                          4.117 RGAGX {174.91 USD, 2022-01-17}
  Assets:US:Vanguard:Cash                         -720.10 USD

2022-01-17 * "Investing 40% of cash in VBMPX"
  Assets:US:Vanguard:VBMPX                          1.527 VBMPX {157.13 USD, 2022-01-17}
  Assets:US:Vanguard:Cash                         -239.94 USD

2022-01-17 * "Investing 60% of cash in RGAGX"
  Assets:US:Vanguard:RGAGX                          2.058 RGAGX {174.91 USD, 2022-01-17}
  Assets:US:Vanguard:Cash                         -359.96 USD

2022-01-28 * "Employer match for contribution"
  Assets:US:Vanguard:Cash                          600.00 USD
  Income:US:Babble:Match401k                      -600.00 USD

2022-01-31 * "Investing 40% of cash in VBMPX"
  Assets:US:Vanguard:VBMPX                          3.023 VBMPX {158.80 USD, 2022-01-31}
  Assets:US:Vanguard:Cash                         -480.05 USD

2022-01-31 * "Investing 60% of cash in RGAGX"
  Assets:US:Vanguard:RGAGX                          4.166 RGAGX {172.85 USD, 2022-01-31}
  Assets:US:Vanguard:Cash                         -720.09 USD

2022-01-31 * "Investing 40% of cash in VBMPX"
  Assets:US:Vanguard:VBMPX                          1.511 VBMPX {158.80 USD, 2022-01-31}
  Assets:US:Vanguard:Cash                         -239.95 USD

2022-01-31 * "Investing 60% of cash in RGAGX"
  Assets:US:Vanguard:RGAGX                          2.083 RGAGX {172.85 USD, 2022-01-31}
  Assets:US:Vanguard:Cash                         -360.05 USD

2022-02-11 * "Employer match for contribution"
  Assets:US:Vanguard:Cash                          600.00 USD
  Income:US:Babble:Match401k                      -600.00 USD

2022-02-14 * "Investing 40% of cash in VBMPX"
  Assets:US:Vanguard:VBMPX                          3.034 VBMPX {158.22 USD, 2022-02-14}
  Assets:US:Vanguard:Cash                         -480.04 USD

2022-02-14 * "Investing 60% of cash in RGAGX"
  Assets:US:Vanguard:RGAGX                          4.116 RGAGX {174.91 USD, 2022-02-14}
  Assets:US:Vanguard:Cash                         -719.93 USD

2022-02-14 * "Investing 40% of cash in VBMPX"
  Assets:US:Vanguard:VBMPX                          1.517 VBMPX {158.22 USD, 2022-02-14}
  Assets:US:Vanguard:Cash                         -240.02 USD

2022-02-14 * "Investing 60% of cash in RGAGX"
  Assets:US:Vanguard:RGAGX                          2.058 RGAGX {174.91 USD, 2022-02-14}
  Assets:US:Vanguard:Cash                         -359.96 USD

2022-02-25 * "Employer match for contribution"
  Assets:US:Vanguard:Cash                          600.00 USD
  Income:US:Babble:Match401k                      -600.00 USD

2022-02-28 * "Investing 40% of cash in VBMPX"
  Assets:US:Vanguard:VBMPX                          3.088 VBMPX {155.46 USD, 2022-02-28}
  Assets:US:Vanguard:Cash                         -480.06 USD

2022-02-28 * "Investing 60% of cash in RGAGX"
  Assets:US:Vanguard:RGAGX                          4.123 RGAGX {174.61 USD, 2022-02-28}
  Assets:US:Vanguard:Cash                         -719.92 USD

2022-02-28 * "Investing 40% of cash in VBMPX"
  Assets:US:Vanguard:VBMPX                          1.544 VBMPX {155.46 USD, 2022-02-28}
  Assets:US:Vanguard:Cash                         -240.03 USD

2022-02-28 * "Investing 60% of cash in RGAGX"
  Assets:US:Vanguard:RGAGX                          2.062 RGAGX {174.61 USD, 2022-02-28}
  Assets:US:Vanguard:Cash                         -360.05 USD

2022-03-11 * "Employer match for contribution"
  Assets:US:Vanguard:Cash                          600.00 USD
  Income:US:Babble:Match401k                      -600.00 USD

2022-03-14 * "Investing 40% of cash in VBMPX"
  Assets:US:Vanguard:VBMPX                          3.004 VBMPX {159.79 USD, 2022-03-14}
  Assets:US:Vanguard:Cash                         -480.01 USD

2022-03-14 * "Investing 60% of cash in RGAGX"
  Assets:US:Vanguard:RGAGX                          4.092 RGAGX {175.96 USD, 2022-03-14}
  Assets:US:Vanguard:Cash                         -720.03 USD

2022-03-14 * "Investing 40% of cash in VBMPX"
  Assets:US:Vanguard:VBMPX                          1.502 VBMPX {159.79 USD, 2022-03-14}
  Assets:US:Vanguard:Cash                         -240.00 USD

2022-03-14 * "Investing 60% of cash in RGAGX"
  Assets:US:Vanguard:RGAGX                          2.046 RGAGX {175.96 USD, 2022-03-14}
  Assets:US:Vanguard:Cash                         -360.01 USD

2022-03-25 * "Employer match for contribution"
  Assets:US:Vanguard:Cash                          600.00 USD
  Income:US:Babble:Match401k                      -600.00 USD

2022-03-28 * "Investing 40% of cash in VBMPX"
  Assets:US:Vanguard:VBMPX                          2.964 VBMPX {161.92 USD, 2022-03-28}
  Assets:US:Vanguard:Cash                         -479.93 USD

2022-03-28 * "Investing 60% of cash in RGAGX"
  Assets:US:Vanguard:RGAGX                          4.064 RGAGX {177.17 USD, 2022-03-28}
  Assets:US:Vanguard:Cash                         -720.02 USD

2022-03-28 * "Investing 40% of cash in VBMPX"
  Assets:US:Vanguard:VBMPX                          1.482 VBMPX {161.92 USD, 2022-03-28}
  Assets:US:Vanguard:Cash                         -239.97 USD

2022-03-28 * "Investing 60% of cash in RGAGX"
  Assets:US:Vanguard:RGAGX                          2.032 RGAGX {177.17 USD, 2022-03-28}
  Assets:US:Vanguard:Cash                         -360.01 USD

2022-04-08 * "Employer match for contribution"
  Assets:US:Vanguard:Cash                          600.00 USD
  Income:US:Babble:Match401k                      -600.00 USD

2022-04-11 * "Investing 40% of cash in VBMPX"
  Assets:US:Vanguard:VBMPX                          2.943 VBMPX {163.08 USD, 2022-04-11}
  Assets:US:Vanguard:Cash                         -479.94 USD

2022-04-11 * "Investing 60% of cash in RGAGX"
  Assets:US:Vanguard:RGAGX                          4.007 RGAGX {179.67 USD, 2022-04-11}
  Assets:US:Vanguard:Cash                         -719.94 USD

2022-04-11 * "Investing 40% of cash in VBMPX"
  Assets:US:Vanguard:VBMPX                          1.472 VBMPX {163.08 USD, 2022-04-11}
  Assets:US:Vanguard:Cash                         -240.05 USD

2022-04-11 * "Investing 60% of cash in RGAGX"
  Assets:US:Vanguard:RGAGX                          2.004 RGAGX {179.67 USD, 2022-04-11}
  Assets:US:Vanguard:Cash                         -360.06 USD

2022-04-22 * "Employer match for contribution"
  Assets:US:Vanguard:Cash                          600.00 USD
  Income:US:Babble:Match401k                      -600.00 USD

2022-04-25 * "Investing 40% of cash in VBMPX"
  Assets:US:Vanguard:VBMPX                          2.953 VBMPX {162.53 USD, 2022-04-25}
  Assets:US:Vanguard:Cash                         -479.95 USD

2022-04-25 * "Investing 60% of cash in RGAGX"
  Assets:US:Vanguard:RGAGX                          4.017 RGAGX {179.23 USD, 2022-04-25}
  Assets:US:Vanguard:Cash                         -719.97 USD

2022-04-25 * "Investing 40% of cash in VBMPX"
  Assets:US:Vanguard:VBMPX                          1.477 VBMPX {162.53 USD, 2022-04-25}
  Assets:US:Vanguard:Cash                         -240.06 USD

2022-04-25 * "Investing 60% of cash in RGAGX"
  Assets:US:Vanguard:RGAGX                          2.009 RGAGX {179.23 USD, 2022-04-25}
  Assets:US:Vanguard:Cash                         -360.07 USD

2022-05-06 * "Employer match for contribution"
  Assets:US:Vanguard:Cash                          600.00 USD
  Income:US:Babble:Match401k                      -600.00 USD

2022-05-09 * "Investing 40% of cash in VBMPX"
  Assets:US:Vanguard:VBMPX                          2.861 VBMPX {167.77 USD, 2022-05-09}
  Assets:US:Vanguard:Cash                         -479.99 USD

2022-05-09 * "Investing 60% of cash in RGAGX"
  Assets:US:Vanguard:RGAGX                          4.021 RGAGX {179.06 USD, 2022-05-09}
  Assets:US:Vanguard:Cash                         -720.00 USD

2022-05-09 * "Investing 40% of cash in VBMPX"
  Assets:US:Vanguard:VBMPX                          1.430 VBMPX {167.77 USD, 2022-05-09}
  Assets:US:Vanguard:Cash                         -239.91 USD

2022-05-09 * "Investing 60% of cash in RGAGX"
  Assets:US:Vanguard:RGAGX                          2.010 RGAGX {179.06 USD, 2022-05-09}
  Assets:US:Vanguard:Cash                         -359.91 USD

2022-05-20 * "Employer match for contribution"
  Assets:US:Vanguard:Cash                          600.00 USD
  Income:US:Babble:Match401k                      -600.00 USD

2022-05-23 * "Investing 40% of cash in VBMPX"
  Assets:US:Vanguard:VBMPX                          2.800 VBMPX {171.47 USD, 2022-05-23}
  Assets:US:Vanguard:Cash                         -480.12 USD

2022-05-23 * "Investing 60% of cash in RGAGX"
  Assets:US:Vanguard:RGAGX                          3.988 RGAGX {180.57 USD, 2022-05-23}
  Assets:US:Vanguard:Cash                         -720.11 USD

2022-05-23 * "Investing 40% of cash in VBMPX"
  Assets:US:Vanguard:VBMPX                          1.399 VBMPX {171.47 USD, 2022-05-23}
  Assets:US:Vanguard:Cash                         -239.89 USD

2022-05-23 * "Investing 60% of cash in RGAGX"
  Assets:US:Vanguard:RGAGX                          1.993 RGAGX {180.57 USD, 2022-05-23}
  Assets:US:Vanguard:Cash                         -359.88 USD

2022-06-03 * "Employer match for contribution"
  Assets:US:Vanguard:Cash                          600.00 USD
  Income:US:Babble:Match401k                      -600.00 USD

2022-06-06 * "Investing 40% of cash in VBMPX"
  Assets:US:Vanguard:VBMPX                          2.807 VBMPX {171.02 USD, 2022-06-06}
  Assets:US:Vanguard:Cash                         -480.05 USD

2022-06-06 * "Investing 60% of cash in RGAGX"
  Assets:US:Vanguard:RGAGX                          3.893 RGAGX {184.96 USD, 2022-06-06}
  Assets:US:Vanguard:Cash                         -720.05 USD

2022-06-06 * "Investing 40% of cash in VBMPX"
  Assets:US:Vanguard:VBMPX                          1.403 VBMPX {171.02 USD, 2022-06-06}
  Assets:US:Vanguard:Cash                         -239.94 USD

2022-06-06 * "Investing 60% of cash in RGAGX"
  Assets:US:Vanguard:RGAGX                          1.946 RGAGX {184.96 USD, 2022-06-06}
  Assets:US:Vanguard:Cash                         -359.93 USD

2022-06-17 * "Employer match for contribution"
  Assets:US:Vanguard:Cash                          600.00 USD
  Income:US:Babble:Match401k                      -600.00 USD

2022-06-20 * "Investing 40% of cash in VBMPX"
  Assets:US:Vanguard:VBMPX                          2.788 VBMPX {172.21 USD, 2022-06-20}
  Assets:US:Vanguard:Cash                         -480.12 USD

2022-06-20 * "Investing 60% of cash in RGAGX"
  Assets:US:Vanguard:RGAGX                          3.963 RGAGX {181.71 USD, 2022-06-20}
  Assets:US:Vanguard:Cash                         -720.12 USD

2022-06-20 * "Investing 40% of cash in VBMPX"
  Assets:US:Vanguard:VBMPX                          1.393 VBMPX {172.21 USD, 2022-06-20}
  Assets:US:Vanguard:Cash                         -239.89 USD

2022-06-20 * "Investing 60% of cash in RGAGX"
  Assets:US:Vanguard:RGAGX                          1.981 RGAGX {181.71 USD, 2022-06-20}
  Assets:US:Vanguard:Cash                         -359.97 USD



* Sources of Income

2020-01-01 open Income:US:Babble:Salary                      USD
2020-01-01 open Income:US:Babble:GroupTermLife               USD
2020-01-01 open Income:US:Babble:Vacation                    VACHR
2020-01-01 open Assets:US:Babble:Vacation                    VACHR
2020-01-01 open Expenses:Vacation                               VACHR
2020-01-01 open Expenses:Health:Life:GroupTermLife
2020-01-01 open Expenses:Health:Medical:Insurance
2020-01-01 open Expenses:Health:Dental:Insurance
2020-01-01 open Expenses:Health:Vision:Insurance

2020-01-01 event "employer" "Babble, 1 Continuous Loop, Bupertina, CA"

2020-01-02 * "Babble" "Payroll"
  Assets:US:BofA:Checking                         1350.60 USD
  Assets:US:Vanguard:Cash                         1200.00 USD
  Income:US:Babble:Salary                        -4615.38 USD
  Income:US:Babble:GroupTermLife                   -24.32 USD
  Expenses:Health:Life:GroupTermLife                24.32 USD
  Expenses:Health:Dental:Insurance                   2.90 USD
  Expenses:Health:Medical:Insurance                 27.38 USD
  Expenses:Health:Vision:Insurance                  42.30 USD
  Expenses:Taxes:Y2020:US:Medicare                 106.62 USD
  Expenses:Taxes:Y2020:US:Federal                 1062.92 USD
  Expenses:Taxes:Y2020:US:State                    365.08 USD
  Expenses:Taxes:Y2020:US:CityNYC                  174.92 USD
  Expenses:Taxes:Y2020:US:SDI                        1.12 USD
  Expenses:Taxes:Y2020:US:SocSec                   281.54 USD
  Assets:US:Federal:PreTax401k                   -1200.00 IRAUSD
  Expenses:Taxes:Y2020:US:Federal:PreTax401k      1200.00 IRAUSD
  Assets:US:Babble:Vacation                             5 VACHR
  Income:US:Babble:Vacation                            -5 VACHR

2020-01-16 * "Babble" "Payroll"
  Assets:US:BofA:Checking                         1350.60 USD
  Assets:US:Vanguard:Cash                         1200.00 USD
  Income:US:Babble:Salary                        -4615.38 USD
  Income:US:Babble:GroupTermLife                   -24.32 USD
  Expenses:Health:Life:GroupTermLife                24.32 USD
  Expenses:Health:Dental:Insurance                   2.90 USD
  Expenses:Health:Medical:Insurance                 27.38 USD
  Expenses:Health:Vision:Insurance                  42.30 USD
  Expenses:Taxes:Y2020:US:Medicare                 106.62 USD
  Expenses:Taxes:Y2020:US:Federal                 1062.92 USD
  Expenses:Taxes:Y2020:US:State                    365.08 USD
  Expenses:Taxes:Y2020:US:CityNYC                  174.92 USD
  Expenses:Taxes:Y2020:US:SDI                        1.12 USD
  Expenses:Taxes:Y2020:US:SocSec                   281.54 USD
  Assets:US:Federal:PreTax401k                   -1200.00 IRAUSD
  Expenses:Taxes:Y2020:US:Federal:PreTax401k      1200.00 IRAUSD
  Assets:US:Babble:Vacation                             5 VACHR
  Income:US:Babble:Vacation                            -5 VACHR

2020-01-30 * "Babble" "Payroll"
  Assets:US:BofA:Checking                         1350.60 USD
  Assets:US:Vanguard:Cash                         1200.00 USD
  Income:US:Babble:Salary                        -4615.38 USD
  Income:US:Babble:GroupTermLife                   -24.32 USD
  Expenses:Health:Life:GroupTermLife                24.32 USD
  Expenses:Health:Dental:Insurance                   2.90 USD
  Expenses:Health:Medical:Insurance                 27.38 USD
  Expenses:Health:Vision:Insurance                  42.30 USD
  Expenses:Taxes:Y2020:US:Medicare                 106.62 USD
  Expenses:Taxes:Y2020:US:Federal                 1062.92 USD
  Expenses:Taxes:Y2020:US:State                    365.08 USD
  Expenses:Taxes:Y2020:US:CityNYC                  174.92 USD
  Expenses:Taxes:Y2020:US:SDI                        1.12 USD
  Expenses:Taxes:Y2020:US:SocSec                   281.54 USD
  Assets:US:Federal:PreTax401k                   -1200.00 IRAUSD
  Expenses:Taxes:Y2020:US:Federal:PreTax401k      1200.00 IRAUSD
  Assets:US:Babble:Vacation                             5 VACHR
  Income:US:Babble:Vacation                            -5 VACHR

2020-02-13 * "Babble" "Payroll"
  Assets:US:BofA:Checking                         1350.60 USD
  Assets:US:Vanguard:Cash                         1200.00 USD
  Income:US:Babble:Salary                        -4615.38 USD
  Income:US:Babble:GroupTermLife                   -24.32 USD
  Expenses:Health:Life:GroupTermLife                24.32 USD
  Expenses:Health:Dental:Insurance                   2.90 USD
  Expenses:Health:Medical:Insurance                 27.38 USD
  Expenses:Health:Vision:Insurance                  42.30 USD
  Expenses:Taxes:Y2020:US:Medicare                 106.62 USD
  Expenses:Taxes:Y2020:US:Federal                 1062.92 USD
  Expenses:Taxes:Y2020:US:State                    365.08 USD
  Expenses:Taxes:Y2020:US:CityNYC                  174.92 USD
  Expenses:Taxes:Y2020:US:SDI                        1.12 USD
  Expenses:Taxes:Y2020:US:SocSec                   281.54 USD
  Assets:US:Federal:PreTax401k                   -1200.00 IRAUSD
  Expenses:Taxes:Y2020:US:Federal:PreTax401k      1200.00 IRAUSD
  Assets:US:Babble:Vacation                             5 VACHR
  Income:US:Babble:Vacation                            -5 VACHR

2020-02-27 * "Babble" "Payroll"
  Assets:US:BofA:Checking                         1350.60 USD
  Assets:US:Vanguard:Cash                         1200.00 USD
  Income:US:Babble:Salary                        -4615.38 USD
  Income:US:Babble:GroupTermLife                   -24.32 USD
  Expenses:Health:Life:GroupTermLife                24.32 USD
  Expenses:Health:Dental:Insurance                   2.90 USD
  Expenses:Health:Medical:Insurance                 27.38 USD
  Expenses:Health:Vision:Insurance                  42.30 USD
  Expenses:Taxes:Y2020:US:Medicare                 106.62 USD
  Expenses:Taxes:Y2020:US:Federal                 1062.92 USD
  Expenses:Taxes:Y2020:US:State                    365.08 USD
  Expenses:Taxes:Y2020:US:CityNYC                  174.92 USD
  Expenses:Taxes:Y2020:US:SDI                        1.12 USD
  Expenses:Taxes:Y2020:US:SocSec                   281.54 USD
  Assets:US:Federal:PreTax401k                   -1200.00 IRAUSD
  Expenses:Taxes:Y2020:US:Federal:PreTax401k      1200.00 IRAUSD
  Assets:US:Babble:Vacation                             5 VACHR
  Income:US:Babble:Vacation                            -5 VACHR

2020-03-12 * "Babble" "Payroll"
  Assets:US:BofA:Checking                         1350.60 USD
  Assets:US:Vanguard:Cash                         1200.00 USD
  Income:US:Babble:Salary                        -4615.38 USD
  Income:US:Babble:GroupTermLife                   -24.32 USD
  Expenses:Health:Life:GroupTermLife                24.32 USD
  Expenses:Health:Dental:Insurance                   2.90 USD
  Expenses:Health:Medical:Insurance                 27.38 USD
  Expenses:Health:Vision:Insurance                  42.30 USD
  Expenses:Taxes:Y2020:US:Medicare                 106.62 USD
  Expenses:Taxes:Y2020:US:Federal                 1062.92 USD
  Expenses:Taxes:Y2020:US:State                    365.08 USD
  Expenses:Taxes:Y2020:US:CityNYC                  174.92 USD
  Expenses:Taxes:Y2020:US:SDI                        1.12 USD
  Expenses:Taxes:Y2020:US:SocSec                   281.54 USD
  Assets:US:Federal:PreTax401k                   -1200.00 IRAUSD
  Expenses:Taxes:Y2020:US:Federal:PreTax401k      1200.00 IRAUSD
  Assets:US:Babble:Vacation                             5 VACHR
  Income:US:Babble:Vacation                            -5 VACHR

2020-03-26 * "Babble" "Payroll"
  Assets:US:BofA:Checking                         1350.60 USD
  Assets:US:Vanguard:Cash                         1200.00 USD
  Income:US:Babble:Salary                        -4615.38 USD
  Income:US:Babble:GroupTermLife                   -24.32 USD
  Expenses:Health:Life:GroupTermLife                24.32 USD
  Expenses:Health:Dental:Insurance                   2.90 USD
  Expenses:Health:Medical:Insurance                 27.38 USD
  Expenses:Health:Vision:Insurance                  42.30 USD
  Expenses:Taxes:Y2020:US:Medicare                 106.62 USD
  Expenses:Taxes:Y2020:US:Federal                 1062.92 USD
  Expenses:Taxes:Y2020:US:State                    365.08 USD
  Expenses:Taxes:Y2020:US:CityNYC                  174.92 USD
  Expenses:Taxes:Y2020:US:SDI                        1.12 USD
  Expenses:Taxes:Y2020:US:SocSec                   281.54 USD
  Assets:US:Federal:PreTax401k                   -1200.00 IRAUSD
  Expenses:Taxes:Y2020:US:Federal:PreTax401k      1200.00 IRAUSD
  Assets:US:Babble:Vacation                             5 VACHR
  Income:US:Babble:Vacation                            -5 VACHR

2020-04-09 * "Babble" "Payroll"
  Assets:US:BofA:Checking                         1350.60 USD
  Assets:US:Vanguard:Cash                         1200.00 USD
  Income:US:Babble:Salary                        -4615.38 USD
  Income:US:Babble:GroupTermLife                   -24.32 USD
  Expenses:Health:Life:GroupTermLife                24.32 USD
  Expenses:Health:Dental:Insurance                   2.90 USD
  Expenses:Health:Medical:Insurance                 27.38 USD
  Expenses:Health:Vision:Insurance                  42.30 USD
  Expenses:Taxes:Y2020:US:Medicare                 106.62 USD
  Expenses:Taxes:Y2020:US:Federal                 1062.92 USD
  Expenses:Taxes:Y2020:US:State                    365.08 USD
  Expenses:Taxes:Y2020:US:CityNYC                  174.92 USD
  Expenses:Taxes:Y2020:US:SDI                        1.12 USD
  Expenses:Taxes:Y2020:US:SocSec                   281.54 USD
  Assets:US:Federal:PreTax401k                   -1200.00 IRAUSD
  Expenses:Taxes:Y2020:US:Federal:PreTax401k      1200.00 IRAUSD
  Assets:US:Babble:Vacation                             5 VACHR
  Income:US:Babble:Vacation                            -5 VACHR

2020-04-23 * "Babble" "Payroll"
  Assets:US:BofA:Checking                         1350.60 USD
  Assets:US:Vanguard:Cash                         1200.00 USD
  Income:US:Babble:Salary                        -4615.38 USD
  Income:US:Babble:GroupTermLife                   -24.32 USD
  Expenses:Health:Life:GroupTermLife                24.32 USD
  Expenses:Health:Dental:Insurance                   2.90 USD
  Expenses:Health:Medical:Insurance                 27.38 USD
  Expenses:Health:Vision:Insurance                  42.30 USD
  Expenses:Taxes:Y2020:US:Medicare                 106.62 USD
  Expenses:Taxes:Y2020:US:Federal                 1062.92 USD
  Expenses:Taxes:Y2020:US:State                    365.08 USD
  Expenses:Taxes:Y2020:US:CityNYC                  174.92 USD
  Expenses:Taxes:Y2020:US:SDI                        1.12 USD
  Expenses:Taxes:Y2020:US:SocSec                   281.54 USD
  Assets:US:Federal:PreTax401k                   -1200.00 IRAUSD
  Expenses:Taxes:Y2020:US:Federal:PreTax401k      1200.00 IRAUSD
  Assets:US:Babble:Vacation                             5 VACHR
  Income:US:Babble:Vacation                            -5 VACHR

2020-05-07 * "Babble" "Payroll"
  Assets:US:BofA:Checking                         1350.60 USD
  Assets:US:Vanguard:Cash                         1200.00 USD
  Income:US:Babble:Salary                        -4615.38 USD
  Income:US:Babble:GroupTermLife                   -24.32 USD
  Expenses:Health:Life:GroupTermLife                24.32 USD
  Expenses:Health:Dental:Insurance                   2.90 USD
  Expenses:Health:Medical:Insurance                 27.38 USD
  Expenses:Health:Vision:Insurance                  42.30 USD
  Expenses:Taxes:Y2020:US:Medicare                 106.62 USD
  Expenses:Taxes:Y2020:US:Federal                 1062.92 USD
  Expenses:Taxes:Y2020:US:State                    365.08 USD
  Expenses:Taxes:Y2020:US:CityNYC                  174.92 USD
  Expenses:Taxes:Y2020:US:SDI                        1.12 USD
  Expenses:Taxes:Y2020:US:SocSec                   281.54 USD
  Assets:US:Federal:PreTax401k                   -1200.00 IRAUSD
  Expenses:Taxes:Y2020:US:Federal:PreTax401k      1200.00 IRAUSD
  Assets:US:Babble:Vacation                             5 VACHR
  Income:US:Babble:Vacation                            -5 VACHR

2020-05-21 * "Babble" "Payroll"
  Assets:US:BofA:Checking                         1350.60 USD
  Assets:US:Vanguard:Cash                         1200.00 USD
  Income:US:Babble:Salary                        -4615.38 USD
  Income:US:Babble:GroupTermLife                   -24.32 USD
  Expenses:Health:Life:GroupTermLife                24.32 USD
  Expenses:Health:Dental:Insurance                   2.90 USD
  Expenses:Health:Medical:Insurance                 27.38 USD
  Expenses:Health:Vision:Insurance                  42.30 USD
  Expenses:Taxes:Y2020:US:Medicare                 106.62 USD
  Expenses:Taxes:Y2020:US:Federal                 1062.92 USD
  Expenses:Taxes:Y2020:US:State                    365.08 USD
  Expenses:Taxes:Y2020:US:CityNYC                  174.92 USD
  Expenses:Taxes:Y2020:US:SDI                        1.12 USD
  Expenses:Taxes:Y2020:US:SocSec                   281.54 USD
  Assets:US:Federal:PreTax401k                   -1200.00 IRAUSD
  Expenses:Taxes:Y2020:US:Federal:PreTax401k      1200.00 IRAUSD
  Assets:US:Babble:Vacation                             5 VACHR
  Income:US:Babble:Vacation                            -5 VACHR

2020-06-04 * "Babble" "Payroll"
  Assets:US:BofA:Checking                         1350.60 USD
  Assets:US:Vanguard:Cash                         1200.00 USD
  Income:US:Babble:Salary                        -4615.38 USD
  Income:US:Babble:GroupTermLife                   -24.32 USD
  Expenses:Health:Life:GroupTermLife                24.32 USD
  Expenses:Health:Dental:Insurance                   2.90 USD
  Expenses:Health:Medical:Insurance                 27.38 USD
  Expenses:Health:Vision:Insurance                  42.30 USD
  Expenses:Taxes:Y2020:US:Medicare                 106.62 USD
  Expenses:Taxes:Y2020:US:Federal                 1062.92 USD
  Expenses:Taxes:Y2020:US:State                    365.08 USD
  Expenses:Taxes:Y2020:US:CityNYC                  174.92 USD
  Expenses:Taxes:Y2020:US:SDI                        1.12 USD
  Expenses:Taxes:Y2020:US:SocSec                   281.54 USD
  Assets:US:Federal:PreTax401k                   -1200.00 IRAUSD
  Expenses:Taxes:Y2020:US:Federal:PreTax401k      1200.00 IRAUSD
  Assets:US:Babble:Vacation                             5 VACHR
  Income:US:Babble:Vacation                            -5 VACHR

2020-06-18 * "Babble" "Payroll"
  Assets:US:BofA:Checking                         1350.60 USD
  Assets:US:Vanguard:Cash                         1200.00 USD
  Income:US:Babble:Salary                        -4615.38 USD
  Income:US:Babble:GroupTermLife                   -24.32 USD
  Expenses:Health:Life:GroupTermLife                24.32 USD
  Expenses:Health:Dental:Insurance                   2.90 USD
  Expenses:Health:Medical:Insurance                 27.38 USD
  Expenses:Health:Vision:Insurance                  42.30 USD
  Expenses:Taxes:Y2020:US:Medicare                 106.62 USD
  Expenses:Taxes:Y2020:US:Federal                 1062.92 USD
  Expenses:Taxes:Y2020:US:State                    365.08 USD
  Expenses:Taxes:Y2020:US:CityNYC                  174.92 USD
  Expenses:Taxes:Y2020:US:SDI                        1.12 USD
  Expenses:Taxes:Y2020:US:SocSec                   281.54 USD
  Assets:US:Federal:PreTax401k                   -1200.00 IRAUSD
  Expenses:Taxes:Y2020:US:Federal:PreTax401k      1200.00 IRAUSD
  Assets:US:Babble:Vacation                             5 VACHR
  Income:US:Babble:Vacation                            -5 VACHR

2020-07-02 * "Babble" "Payroll"
  Assets:US:BofA:Checking                         1350.60 USD
  Assets:US:Vanguard:Cash                         1200.00 USD
  Income:US:Babble:Salary                        -4615.38 USD
  Income:US:Babble:GroupTermLife                   -24.32 USD
  Expenses:Health:Life:GroupTermLife                24.32 USD
  Expenses:Health:Dental:Insurance                   2.90 USD
  Expenses:Health:Medical:Insurance                 27.38 USD
  Expenses:Health:Vision:Insurance                  42.30 USD
  Expenses:Taxes:Y2020:US:Medicare                 106.62 USD
  Expenses:Taxes:Y2020:US:Federal                 1062.92 USD
  Expenses:Taxes:Y2020:US:State                    365.08 USD
  Expenses:Taxes:Y2020:US:CityNYC                  174.92 USD
  Expenses:Taxes:Y2020:US:SDI                        1.12 USD
  Expenses:Taxes:Y2020:US:SocSec                   281.54 USD
  Assets:US:Federal:PreTax401k                   -1200.00 IRAUSD
  Expenses:Taxes:Y2020:US:Federal:PreTax401k      1200.00 IRAUSD
  Assets:US:Babble:Vacation                             5 VACHR
  Income:US:Babble:Vacation                            -5 VACHR

2020-07-16 * "Babble" "Payroll"
  Assets:US:BofA:Checking                         1350.60 USD
  Assets:US:Vanguard:Cash                         1200.00 USD
  Income:US:Babble:Salary                        -4615.38 USD
  Income:US:Babble:GroupTermLife                   -24.32 USD
  Expenses:Health:Life:GroupTermLife                24.32 USD
  Expenses:Health:Dental:Insurance                   2.90 USD
  Expenses:Health:Medical:Insurance                 27.38 USD
  Expenses:Health:Vision:Insurance                  42.30 USD
  Expenses:Taxes:Y2020:US:Medicare                 106.62 USD
  Expenses:Taxes:Y2020:US:Federal                 1062.92 USD
  Expenses:Taxes:Y2020:US:State                    365.08 USD
  Expenses:Taxes:Y2020:US:CityNYC                  174.92 USD
  Expenses:Taxes:Y2020:US:SDI                        1.12 USD
  Expenses:Taxes:Y2020:US:SocSec                   281.54 USD
  Assets:US:Federal:PreTax401k                   -1200.00 IRAUSD
  Expenses:Taxes:Y2020:US:Federal:PreTax401k      1200.00 IRAUSD
  Assets:US:Babble:Vacation                             5 VACHR
  Income:US:Babble:Vacation                            -5 VACHR

2020-07-30 * "Babble" "Payroll"
  Assets:US:BofA:Checking                         2050.60 USD
  Assets:US:Vanguard:Cash                          500.00 USD
  Income:US:Babble:Salary                        -4615.38 USD
  Income:US:Babble:GroupTermLife                   -24.32 USD
  Expenses:Health:Life:GroupTermLife                24.32 USD
  Expenses:Health:Dental:Insurance                   2.90 USD
  Expenses:Health:Medical:Insurance                 27.38 USD
  Expenses:Health:Vision:Insurance                  42.30 USD
  Expenses:Taxes:Y2020:US:Medicare                 106.62 USD
  Expenses:Taxes:Y2020:US:Federal                 1062.92 USD
  Expenses:Taxes:Y2020:US:State                    365.08 USD
  Expenses:Taxes:Y2020:US:CityNYC                  174.92 USD
  Expenses:Taxes:Y2020:US:SDI                        1.12 USD
  Expenses:Taxes:Y2020:US:SocSec                   281.54 USD
  Assets:US:Federal:PreTax401k                    -500.00 IRAUSD
  Expenses:Taxes:Y2020:US:Federal:PreTax401k       500.00 IRAUSD
  Assets:US:Babble:Vacation                             5 VACHR
  Income:US:Babble:Vacation                            -5 VACHR

2020-08-13 * "Babble" "Payroll"
  Assets:US:BofA:Checking                         2550.60 USD
  Income:US:Babble:Salary                        -4615.38 USD
  Income:US:Babble:GroupTermLife                   -24.32 USD
  Expenses:Health:Life:GroupTermLife                24.32 USD
  Expenses:Health:Dental:Insurance                   2.90 USD
  Expenses:Health:Medical:Insurance                 27.38 USD
  Expenses:Health:Vision:Insurance                  42.30 USD
  Expenses:Taxes:Y2020:US:Medicare                 106.62 USD
  Expenses:Taxes:Y2020:US:Federal                 1062.92 USD
  Expenses:Taxes:Y2020:US:State                    365.08 USD
  Expenses:Taxes:Y2020:US:CityNYC                  174.92 USD
  Expenses:Taxes:Y2020:US:SDI                        1.12 USD
  Expenses:Taxes:Y2020:US:SocSec                   281.54 USD
  Assets:US:Federal:PreTax401k                       0.00 IRAUSD
  Assets:US:Babble:Vacation                             5 VACHR
  Income:US:Babble:Vacation                            -5 VACHR

2020-08-27 * "Babble" "Payroll"
  Assets:US:BofA:Checking                         2550.60 USD
  Income:US:Babble:Salary                        -4615.38 USD
  Income:US:Babble:GroupTermLife                   -24.32 USD
  Expenses:Health:Life:GroupTermLife                24.32 USD
  Expenses:Health:Dental:Insurance                   2.90 USD
  Expenses:Health:Medical:Insurance                 27.38 USD
  Expenses:Health:Vision:Insurance                  42.30 USD
  Expenses:Taxes:Y2020:US:Medicare                 106.62 USD
  Expenses:Taxes:Y2020:US:Federal                 1062.92 USD
  Expenses:Taxes:Y2020:US:State                    365.08 USD
  Expenses:Taxes:Y2020:US:CityNYC                  174.92 USD
  Expenses:Taxes:Y2020:US:SDI                        1.12 USD
  Expenses:Taxes:Y2020:US:SocSec                   281.54 USD
  Assets:US:Federal:PreTax401k                       0.00 IRAUSD
  Assets:US:Babble:Vacation                             5 VACHR
  Income:US:Babble:Vacation                            -5 VACHR

2020-09-10 * "Babble" "Payroll"
  Assets:US:BofA:Checking                         2550.60 USD
  Income:US:Babble:Salary                        -4615.38 USD
  Income:US:Babble:GroupTermLife                   -24.32 USD
  Expenses:Health:Life:GroupTermLife                24.32 USD
  Expenses:Health:Dental:Insurance                   2.90 USD
  Expenses:Health:Medical:Insurance                 27.38 USD
  Expenses:Health:Vision:Insurance                  42.30 USD
  Expenses:Taxes:Y2020:US:Medicare                 106.62 USD
  Expenses:Taxes:Y2020:US:Federal                 1062.92 USD
  Expenses:Taxes:Y2020:US:State                    365.08 USD
  Expenses:Taxes:Y2020:US:CityNYC                  174.92 USD
  Expenses:Taxes:Y2020:US:SDI                        1.12 USD
  Expenses:Taxes:Y2020:US:SocSec                   281.54 USD
  Assets:US:Federal:PreTax401k                       0.00 IRAUSD
  Assets:US:Babble:Vacation                             5 VACHR
  Income:US:Babble:Vacation                            -5 VACHR

2020-09-24 * "Babble" "Payroll"
  Assets:US:BofA:Checking                         2550.60 USD
  Income:US:Babble:Salary                        -4615.38 USD
  Income:US:Babble:GroupTermLife                   -24.32 USD
  Expenses:Health:Life:GroupTermLife                24.32 USD
  Expenses:Health:Dental:Insurance                   2.90 USD
  Expenses:Health:Medical:Insurance                 27.38 USD
  Expenses:Health:Vision:Insurance                  42.30 USD
  Expenses:Taxes:Y2020:US:Medicare                 106.62 USD
  Expenses:Taxes:Y2020:US:Federal                 1062.92 USD
  Expenses:Taxes:Y2020:US:State                    365.08 USD
  Expenses:Taxes:Y2020:US:CityNYC                  174.92 USD
  Expenses:Taxes:Y2020:US:SDI                        1.12 USD
  Expenses:Taxes:Y2020:US:SocSec                   281.54 USD
  Assets:US:Federal:PreTax401k                       0.00 IRAUSD
  Assets:US:Babble:Vacation                             5 VACHR
  Income:US:Babble:Vacation                            -5 VACHR

2020-10-08 * "Babble" "Payroll"
  Assets:US:BofA:Checking                         2550.60 USD
  Income:US:Babble:Salary                        -4615.38 USD
  Income:US:Babble:GroupTermLife                   -24.32 USD
  Expenses:Health:Life:GroupTermLife                24.32 USD
  Expenses:Health:Dental:Insurance                   2.90 USD
  Expenses:Health:Medical:Insurance                 27.38 USD
  Expenses:Health:Vision:Insurance                  42.30 USD
  Expenses:Taxes:Y2020:US:Medicare                 106.62 USD
  Expenses:Taxes:Y2020:US:Federal                 1062.92 USD
  Expenses:Taxes:Y2020:US:State                    365.08 USD
  Expenses:Taxes:Y2020:US:CityNYC                  174.92 USD
  Expenses:Taxes:Y2020:US:SDI                        1.12 USD
  Expenses:Taxes:Y2020:US:SocSec                   281.54 USD
  Assets:US:Federal:PreTax401k                       0.00 IRAUSD
  Assets:US:Babble:Vacation                             5 VACHR
  Income:US:Babble:Vacation                            -5 VACHR

2020-10-22 * "Babble" "Payroll"
  Assets:US:BofA:Checking                         2550.60 USD
  Income:US:Babble:Salary                        -4615.38 USD
  Income:US:Babble:GroupTermLife                   -24.32 USD
  Expenses:Health:Life:GroupTermLife                24.32 USD
  Expenses:Health:Dental:Insurance                   2.90 USD
  Expenses:Health:Medical:Insurance                 27.38 USD
  Expenses:Health:Vision:Insurance                  42.30 USD
  Expenses:Taxes:Y2020:US:Medicare                 106.62 USD
  Expenses:Taxes:Y2020:US:Federal                 1062.92 USD
  Expenses:Taxes:Y2020:US:State                    365.08 USD
  Expenses:Taxes:Y2020:US:CityNYC                  174.92 USD
  Expenses:Taxes:Y2020:US:SDI                        1.12 USD
  Expenses:Taxes:Y2020:US:SocSec                   281.54 USD
  Assets:US:Federal:PreTax401k                       0.00 IRAUSD
  Assets:US:Babble:Vacation                             5 VACHR
  Income:US:Babble:Vacation                            -5 VACHR

2020-11-05 * "Babble" "Payroll"
  Assets:US:BofA:Checking                         2550.60 USD
  Income:US:Babble:Salary                        -4615.38 USD
  Income:US:Babble:GroupTermLife                   -24.32 USD
  Expenses:Health:Life:GroupTermLife                24.32 USD
  Expenses:Health:Dental:Insurance                   2.90 USD
  Expenses:Health:Medical:Insurance                 27.38 USD
  Expenses:Health:Vision:Insurance                  42.30 USD
  Expenses:Taxes:Y2020:US:Medicare                 106.62 USD
  Expenses:Taxes:Y2020:US:Federal                 1062.92 USD
  Expenses:Taxes:Y2020:US:State                    365.08 USD
  Expenses:Taxes:Y2020:US:CityNYC                  174.92 USD
  Expenses:Taxes:Y2020:US:SDI                        1.12 USD
  Expenses:Taxes:Y2020:US:SocSec                   281.54 USD
  Assets:US:Federal:PreTax401k                       0.00 IRAUSD
  Assets:US:Babble:Vacation                             5 VACHR
  Income:US:Babble:Vacation                            -5 VACHR

2020-11-19 * "Babble" "Payroll"
  Assets:US:BofA:Checking                         2550.60 USD
  Income:US:Babble:Salary                        -4615.38 USD
  Income:US:Babble:GroupTermLife                   -24.32 USD
  Expenses:Health:Life:GroupTermLife                24.32 USD
  Expenses:Health:Dental:Insurance                   2.90 USD
  Expenses:Health:Medical:Insurance                 27.38 USD
  Expenses:Health:Vision:Insurance                  42.30 USD
  Expenses:Taxes:Y2020:US:Medicare                 106.62 USD
  Expenses:Taxes:Y2020:US:Federal                 1062.92 USD
  Expenses:Taxes:Y2020:US:State                    365.08 USD
  Expenses:Taxes:Y2020:US:CityNYC                  174.92 USD
  Expenses:Taxes:Y2020:US:SDI                        1.12 USD
  Expenses:Taxes:Y2020:US:SocSec                   281.54 USD
  Assets:US:Federal:PreTax401k                       0.00 IRAUSD
  Assets:US:Babble:Vacation                             5 VACHR
  Income:US:Babble:Vacation                            -5 VACHR

2020-12-03 * "Babble" "Payroll"
  Assets:US:BofA:Checking                         2589.06 USD
  Income:US:Babble:Salary                        -4615.38 USD
  Income:US:Babble:GroupTermLife                   -24.32 USD
  Expenses:Health:Life:GroupTermLife                24.32 USD
  Expenses:Health:Dental:Insurance                   2.90 USD
  Expenses:Health:Medical:Insurance                 27.38 USD
  Expenses:Health:Vision:Insurance                  42.30 USD
  Expenses:Taxes:Y2020:US:Medicare                 106.62 USD
  Expenses:Taxes:Y2020:US:Federal                 1062.92 USD
  Expenses:Taxes:Y2020:US:State                    365.08 USD
  Expenses:Taxes:Y2020:US:CityNYC                  174.92 USD
  Expenses:Taxes:Y2020:US:SDI                        1.12 USD
  Expenses:Taxes:Y2020:US:SocSec                   243.08 USD
  Assets:US:Federal:PreTax401k                       0.00 IRAUSD
  Assets:US:Babble:Vacation                             5 VACHR
  Income:US:Babble:Vacation                            -5 VACHR

2020-12-17 * "Babble" "Payroll"
  Assets:US:BofA:Checking                         2832.14 USD
  Income:US:Babble:Salary                        -4615.38 USD
  Income:US:Babble:GroupTermLife                   -24.32 USD
  Expenses:Health:Life:GroupTermLife                24.32 USD
  Expenses:Health:Dental:Insurance                   2.90 USD
  Expenses:Health:Medical:Insurance                 27.38 USD
  Expenses:Health:Vision:Insurance                  42.30 USD
  Expenses:Taxes:Y2020:US:Medicare                 106.62 USD
  Expenses:Taxes:Y2020:US:Federal                 1062.92 USD
  Expenses:Taxes:Y2020:US:State                    365.08 USD
  Expenses:Taxes:Y2020:US:CityNYC                  174.92 USD
  Expenses:Taxes:Y2020:US:SDI                        1.12 USD
  Expenses:Taxes:Y2020:US:SocSec                     0.00 USD
  Assets:US:Federal:PreTax401k                       0.00 IRAUSD
  Assets:US:Babble:Vacation                             5 VACHR
  Income:US:Babble:Vacation                            -5 VACHR

2020-12-31 * "Babble" "Payroll"
  Assets:US:BofA:Checking                         2832.14 USD
  Income:US:Babble:Salary                        -4615.38 USD
  Income:US:Babble:GroupTermLife                   -24.32 USD
  Expenses:Health:Life:GroupTermLife                24.32 USD
  Expenses:Health:Dental:Insurance                   2.90 USD
  Expenses:Health:Medical:Insurance                 27.38 USD
  Expenses:Health:Vision:Insurance                  42.30 USD
  Expenses:Taxes:Y2020:US:Medicare                 106.62 USD
  Expenses:Taxes:Y2020:US:Federal                 1062.92 USD
  Expenses:Taxes:Y2020:US:State                    365.08 USD
  Expenses:Taxes:Y2020:US:CityNYC                  174.92 USD
  Expenses:Taxes:Y2020:US:SDI                        1.12 USD
  Expenses:Taxes:Y2020:US:SocSec                     0.00 USD
  Assets:US:Federal:PreTax401k                       0.00 IRAUSD
  Assets:US:Babble:Vacation                             5 VACHR
  Income:US:Babble:Vacation                            -5 VACHR

2021-01-14 * "Babble" "Payroll"
  Assets:US:BofA:Checking                         1350.60 USD
  Assets:US:Vanguard:Cash                         1200.00 USD
  Income:US:Babble:Salary                        -4615.38 USD
  Income:US:Babble:GroupTermLife                   -24.32 USD
  Expenses:Health:Life:GroupTermLife                24.32 USD
  Expenses:Health:Dental:Insurance                   2.90 USD
  Expenses:Health:Medical:Insurance                 27.38 USD
  Expenses:Health:Vision:Insurance                  42.30 USD
  Expenses:Taxes:Y2021:US:Medicare                 106.62 USD
  Expenses:Taxes:Y2021:US:Federal                 1062.92 USD
  Expenses:Taxes:Y2021:US:State                    365.08 USD
  Expenses:Taxes:Y2021:US:CityNYC                  174.92 USD
  Expenses:Taxes:Y2021:US:SDI                        1.12 USD
  Expenses:Taxes:Y2021:US:SocSec                   281.54 USD
  Assets:US:Federal:PreTax401k                   -1200.00 IRAUSD
  Expenses:Taxes:Y2021:US:Federal:PreTax401k      1200.00 IRAUSD
  Assets:US:Babble:Vacation                             5 VACHR
  Income:US:Babble:Vacation                            -5 VACHR

2021-01-28 * "Babble" "Payroll"
  Assets:US:BofA:Checking                         1350.60 USD
  Assets:US:Vanguard:Cash                         1200.00 USD
  Income:US:Babble:Salary                        -4615.38 USD
  Income:US:Babble:GroupTermLife                   -24.32 USD
  Expenses:Health:Life:GroupTermLife                24.32 USD
  Expenses:Health:Dental:Insurance                   2.90 USD
  Expenses:Health:Medical:Insurance                 27.38 USD
  Expenses:Health:Vision:Insurance                  42.30 USD
  Expenses:Taxes:Y2021:US:Medicare                 106.62 USD
  Expenses:Taxes:Y2021:US:Federal                 1062.92 USD
  Expenses:Taxes:Y2021:US:State                    365.08 USD
  Expenses:Taxes:Y2021:US:CityNYC                  174.92 USD
  Expenses:Taxes:Y2021:US:SDI                        1.12 USD
  Expenses:Taxes:Y2021:US:SocSec                   281.54 USD
  Assets:US:Federal:PreTax401k                   -1200.00 IRAUSD
  Expenses:Taxes:Y2021:US:Federal:PreTax401k      1200.00 IRAUSD
  Assets:US:Babble:Vacation                             5 VACHR
  Income:US:Babble:Vacation                            -5 VACHR

2021-02-11 * "Babble" "Payroll"
  Assets:US:BofA:Checking                         1350.60 USD
  Assets:US:Vanguard:Cash                         1200.00 USD
  Income:US:Babble:Salary                        -4615.38 USD
  Income:US:Babble:GroupTermLife                   -24.32 USD
  Expenses:Health:Life:GroupTermLife                24.32 USD
  Expenses:Health:Dental:Insurance                   2.90 USD
  Expenses:Health:Medical:Insurance                 27.38 USD
  Expenses:Health:Vision:Insurance                  42.30 USD
  Expenses:Taxes:Y2021:US:Medicare                 106.62 USD
  Expenses:Taxes:Y2021:US:Federal                 1062.92 USD
  Expenses:Taxes:Y2021:US:State                    365.08 USD
  Expenses:Taxes:Y2021:US:CityNYC                  174.92 USD
  Expenses:Taxes:Y2021:US:SDI                        1.12 USD
  Expenses:Taxes:Y2021:US:SocSec                   281.54 USD
  Assets:US:Federal:PreTax401k                   -1200.00 IRAUSD
  Expenses:Taxes:Y2021:US:Federal:PreTax401k      1200.00 IRAUSD
  Assets:US:Babble:Vacation                             5 VACHR
  Income:US:Babble:Vacation                            -5 VACHR

2021-02-25 * "Babble" "Payroll"
  Assets:US:BofA:Checking                         1350.60 USD
  Assets:US:Vanguard:Cash                         1200.00 USD
  Income:US:Babble:Salary                        -4615.38 USD
  Income:US:Babble:GroupTermLife                   -24.32 USD
  Expenses:Health:Life:GroupTermLife                24.32 USD
  Expenses:Health:Dental:Insurance                   2.90 USD
  Expenses:Health:Medical:Insurance                 27.38 USD
  Expenses:Health:Vision:Insurance                  42.30 USD
  Expenses:Taxes:Y2021:US:Medicare                 106.62 USD
  Expenses:Taxes:Y2021:US:Federal                 1062.92 USD
  Expenses:Taxes:Y2021:US:State                    365.08 USD
  Expenses:Taxes:Y2021:US:CityNYC                  174.92 USD
  Expenses:Taxes:Y2021:US:SDI                        1.12 USD
  Expenses:Taxes:Y2021:US:SocSec                   281.54 USD
  Assets:US:Federal:PreTax401k                   -1200.00 IRAUSD
  Expenses:Taxes:Y2021:US:Federal:PreTax401k      1200.00 IRAUSD
  Assets:US:Babble:Vacation                             5 VACHR
  Income:US:Babble:Vacation                            -5 VACHR

2021-03-11 * "Babble" "Payroll"
  Assets:US:BofA:Checking                         1350.60 USD
  Assets:US:Vanguard:Cash                         1200.00 USD
  Income:US:Babble:Salary                        -4615.38 USD
  Income:US:Babble:GroupTermLife                   -24.32 USD
  Expenses:Health:Life:GroupTermLife                24.32 USD
  Expenses:Health:Dental:Insurance                   2.90 USD
  Expenses:Health:Medical:Insurance                 27.38 USD
  Expenses:Health:Vision:Insurance                  42.30 USD
  Expenses:Taxes:Y2021:US:Medicare                 106.62 USD
  Expenses:Taxes:Y2021:US:Federal                 1062.92 USD
  Expenses:Taxes:Y2021:US:State                    365.08 USD
  Expenses:Taxes:Y2021:US:CityNYC                  174.92 USD
  Expenses:Taxes:Y2021:US:SDI                        1.12 USD
  Expenses:Taxes:Y2021:US:SocSec                   281.54 USD
  Assets:US:Federal:PreTax401k                   -1200.00 IRAUSD
  Expenses:Taxes:Y2021:US:Federal:PreTax401k      1200.00 IRAUSD
  Assets:US:Babble:Vacation                             5 VACHR
  Income:US:Babble:Vacation                            -5 VACHR

2021-03-25 * "Babble" "Payroll"
  Assets:US:BofA:Checking                         1350.60 USD
  Assets:US:Vanguard:Cash                         1200.00 USD
  Income:US:Babble:Salary                        -4615.38 USD
  Income:US:Babble:GroupTermLife                   -24.32 USD
  Expenses:Health:Life:GroupTermLife                24.32 USD
  Expenses:Health:Dental:Insurance                   2.90 USD
  Expenses:Health:Medical:Insurance                 27.38 USD
  Expenses:Health:Vision:Insurance                  42.30 USD
  Expenses:Taxes:Y2021:US:Medicare                 106.62 USD
  Expenses:Taxes:Y2021:US:Federal                 1062.92 USD
  Expenses:Taxes:Y2021:US:State                    365.08 USD
  Expenses:Taxes:Y2021:US:CityNYC                  174.92 USD
  Expenses:Taxes:Y2021:US:SDI                        1.12 USD
  Expenses:Taxes:Y2021:US:SocSec                   281.54 USD
  Assets:US:Federal:PreTax401k                   -1200.00 IRAUSD
  Expenses:Taxes:Y2021:US:Federal:PreTax401k      1200.00 IRAUSD
  Assets:US:Babble:Vacation                             5 VACHR
  Income:US:Babble:Vacation                            -5 VACHR

2021-04-08 * "Babble" "Payroll"
  Assets:US:BofA:Checking                         1350.60 USD
  Assets:US:Vanguard:Cash                         1200.00 USD
  Income:US:Babble:Salary                        -4615.38 USD
  Income:US:Babble:GroupTermLife                   -24.32 USD
  Expenses:Health:Life:GroupTermLife                24.32 USD
  Expenses:Health:Dental:Insurance                   2.90 USD
  Expenses:Health:Medical:Insurance                 27.38 USD
  Expenses:Health:Vision:Insurance                  42.30 USD
  Expenses:Taxes:Y2021:US:Medicare                 106.62 USD
  Expenses:Taxes:Y2021:US:Federal                 1062.92 USD
  Expenses:Taxes:Y2021:US:State                    365.08 USD
  Expenses:Taxes:Y2021:US:CityNYC                  174.92 USD
  Expenses:Taxes:Y2021:US:SDI                        1.12 USD
  Expenses:Taxes:Y2021:US:SocSec                   281.54 USD
  Assets:US:Federal:PreTax401k                   -1200.00 IRAUSD
  Expenses:Taxes:Y2021:US:Federal:PreTax401k      1200.00 IRAUSD
  Assets:US:Babble:Vacation                             5 VACHR
  Income:US:Babble:Vacation                            -5 VACHR

2021-04-22 * "Babble" "Payroll"
  Assets:US:BofA:Checking                         1350.60 USD
  Assets:US:Vanguard:Cash                         1200.00 USD
  Income:US:Babble:Salary                        -4615.38 USD
  Income:US:Babble:GroupTermLife                   -24.32 USD
  Expenses:Health:Life:GroupTermLife                24.32 USD
  Expenses:Health:Dental:Insurance                   2.90 USD
  Expenses:Health:Medical:Insurance                 27.38 USD
  Expenses:Health:Vision:Insurance                  42.30 USD
  Expenses:Taxes:Y2021:US:Medicare                 106.62 USD
  Expenses:Taxes:Y2021:US:Federal                 1062.92 USD
  Expenses:Taxes:Y2021:US:State                    365.08 USD
  Expenses:Taxes:Y2021:US:CityNYC                  174.92 USD
  Expenses:Taxes:Y2021:US:SDI                        1.12 USD
  Expenses:Taxes:Y2021:US:SocSec                   281.54 USD
  Assets:US:Federal:PreTax401k                   -1200.00 IRAUSD
  Expenses:Taxes:Y2021:US:Federal:PreTax401k      1200.00 IRAUSD
  Assets:US:Babble:Vacation                             5 VACHR
  Income:US:Babble:Vacation                            -5 VACHR

2021-05-06 * "Babble" "Payroll"
  Assets:US:BofA:Checking                         1350.60 USD
  Assets:US:Vanguard:Cash                         1200.00 USD
  Income:US:Babble:Salary                        -4615.38 USD
  Income:US:Babble:GroupTermLife                   -24.32 USD
  Expenses:Health:Life:GroupTermLife                24.32 USD
  Expenses:Health:Dental:Insurance                   2.90 USD
  Expenses:Health:Medical:Insurance                 27.38 USD
  Expenses:Health:Vision:Insurance                  42.30 USD
  Expenses:Taxes:Y2021:US:Medicare                 106.62 USD
  Expenses:Taxes:Y2021:US:Federal                 1062.92 USD
  Expenses:Taxes:Y2021:US:State                    365.08 USD
  Expenses:Taxes:Y2021:US:CityNYC                  174.92 USD
  Expenses:Taxes:Y2021:US:SDI                        1.12 USD
  Expenses:Taxes:Y2021:US:SocSec                   281.54 USD
  Assets:US:Federal:PreTax401k                   -1200.00 IRAUSD
  Expenses:Taxes:Y2021:US:Federal:PreTax401k      1200.00 IRAUSD
  Assets:US:Babble:Vacation                             5 VACHR
  Income:US:Babble:Vacation                            -5 VACHR

2021-05-20 * "Babble" "Payroll"
  Assets:US:BofA:Checking                         1350.60 USD
  Assets:US:Vanguard:Cash                         1200.00 USD
  Income:US:Babble:Salary                        -4615.38 USD
  Income:US:Babble:GroupTermLife                   -24.32 USD
  Expenses:Health:Life:GroupTermLife                24.32 USD
  Expenses:Health:Dental:Insurance                   2.90 USD
  Expenses:Health:Medical:Insurance                 27.38 USD
  Expenses:Health:Vision:Insurance                  42.30 USD
  Expenses:Taxes:Y2021:US:Medicare                 106.62 USD
  Expenses:Taxes:Y2021:US:Federal                 1062.92 USD
  Expenses:Taxes:Y2021:US:State                    365.08 USD
  Expenses:Taxes:Y2021:US:CityNYC                  174.92 USD
  Expenses:Taxes:Y2021:US:SDI                        1.12 USD
  Expenses:Taxes:Y2021:US:SocSec                   281.54 USD
  Assets:US:Federal:PreTax401k                   -1200.00 IRAUSD
  Expenses:Taxes:Y2021:US:Federal:PreTax401k      1200.00 IRAUSD
  Assets:US:Babble:Vacation                             5 VACHR
  Income:US:Babble:Vacation                            -5 VACHR

2021-06-03 * "Babble" "Payroll"
  Assets:US:BofA:Checking                         1350.60 USD
  Assets:US:Vanguard:Cash                         1200.00 USD
  Income:US:Babble:Salary                        -4615.38 USD
  Income:US:Babble:GroupTermLife                   -24.32 USD
  Expenses:Health:Life:GroupTermLife                24.32 USD
  Expenses:Health:Dental:Insurance                   2.90 USD
  Expenses:Health:Medical:Insurance                 27.38 USD
  Expenses:Health:Vision:Insurance                  42.30 USD
  Expenses:Taxes:Y2021:US:Medicare                 106.62 USD
  Expenses:Taxes:Y2021:US:Federal                 1062.92 USD
  Expenses:Taxes:Y2021:US:State                    365.08 USD
  Expenses:Taxes:Y2021:US:CityNYC                  174.92 USD
  Expenses:Taxes:Y2021:US:SDI                        1.12 USD
  Expenses:Taxes:Y2021:US:SocSec                   281.54 USD
  Assets:US:Federal:PreTax401k                   -1200.00 IRAUSD
  Expenses:Taxes:Y2021:US:Federal:PreTax401k      1200.00 IRAUSD
  Assets:US:Babble:Vacation                             5 VACHR
  Income:US:Babble:Vacation                            -5 VACHR

2021-06-17 * "Babble" "Payroll"
  Assets:US:BofA:Checking                         1350.60 USD
  Assets:US:Vanguard:Cash                         1200.00 USD
  Income:US:Babble:Salary                        -4615.38 USD
  Income:US:Babble:GroupTermLife                   -24.32 USD
  Expenses:Health:Life:GroupTermLife                24.32 USD
  Expenses:Health:Dental:Insurance                   2.90 USD
  Expenses:Health:Medical:Insurance                 27.38 USD
  Expenses:Health:Vision:Insurance                  42.30 USD
  Expenses:Taxes:Y2021:US:Medicare                 106.62 USD
  Expenses:Taxes:Y2021:US:Federal                 1062.92 USD
  Expenses:Taxes:Y2021:US:State                    365.08 USD
  Expenses:Taxes:Y2021:US:CityNYC                  174.92 USD
  Expenses:Taxes:Y2021:US:SDI                        1.12 USD
  Expenses:Taxes:Y2021:US:SocSec                   281.54 USD
  Assets:US:Federal:PreTax401k                   -1200.00 IRAUSD
  Expenses:Taxes:Y2021:US:Federal:PreTax401k      1200.00 IRAUSD
  Assets:US:Babble:Vacation                             5 VACHR
  Income:US:Babble:Vacation                            -5 VACHR

2021-07-01 * "Babble" "Payroll"
  Assets:US:BofA:Checking                         1350.60 USD
  Assets:US:Vanguard:Cash                         1200.00 USD
  Income:US:Babble:Salary                        -4615.38 USD
  Income:US:Babble:GroupTermLife                   -24.32 USD
  Expenses:Health:Life:GroupTermLife                24.32 USD
  Expenses:Health:Dental:Insurance                   2.90 USD
  Expenses:Health:Medical:Insurance                 27.38 USD
  Expenses:Health:Vision:Insurance                  42.30 USD
  Expenses:Taxes:Y2021:US:Medicare                 106.62 USD
  Expenses:Taxes:Y2021:US:Federal                 1062.92 USD
  Expenses:Taxes:Y2021:US:State                    365.08 USD
  Expenses:Taxes:Y2021:US:CityNYC                  174.92 USD
  Expenses:Taxes:Y2021:US:SDI                        1.12 USD
  Expenses:Taxes:Y2021:US:SocSec                   281.54 USD
  Assets:US:Federal:PreTax401k                   -1200.00 IRAUSD
  Expenses:Taxes:Y2021:US:Federal:PreTax401k      1200.00 IRAUSD
  Assets:US:Babble:Vacation                             5 VACHR
  Income:US:Babble:Vacation                            -5 VACHR

2021-07-15 * "Babble" "Payroll"
  Assets:US:BofA:Checking                         1350.60 USD
  Assets:US:Vanguard:Cash                         1200.00 USD
  Income:US:Babble:Salary                        -4615.38 USD
  Income:US:Babble:GroupTermLife                   -24.32 USD
  Expenses:Health:Life:GroupTermLife                24.32 USD
  Expenses:Health:Dental:Insurance                   2.90 USD
  Expenses:Health:Medical:Insurance                 27.38 USD
  Expenses:Health:Vision:Insurance                  42.30 USD
  Expenses:Taxes:Y2021:US:Medicare                 106.62 USD
  Expenses:Taxes:Y2021:US:Federal                 1062.92 USD
  Expenses:Taxes:Y2021:US:State                    365.08 USD
  Expenses:Taxes:Y2021:US:CityNYC                  174.92 USD
  Expenses:Taxes:Y2021:US:SDI                        1.12 USD
  Expenses:Taxes:Y2021:US:SocSec                   281.54 USD
  Assets:US:Federal:PreTax401k                   -1200.00 IRAUSD
  Expenses:Taxes:Y2021:US:Federal:PreTax401k      1200.00 IRAUSD
  Assets:US:Babble:Vacation                             5 VACHR
  Income:US:Babble:Vacation                            -5 VACHR

2021-07-29 * "Babble" "Payroll"
  Assets:US:BofA:Checking                         1350.60 USD
  Assets:US:Vanguard:Cash                         1200.00 USD
  Income:US:Babble:Salary                        -4615.38 USD
  Income:US:Babble:GroupTermLife                   -24.32 USD
  Expenses:Health:Life:GroupTermLife                24.32 USD
  Expenses:Health:Dental:Insurance                   2.90 USD
  Expenses:Health:Medical:Insurance                 27.38 USD
  Expenses:Health:Vision:Insurance                  42.30 USD
  Expenses:Taxes:Y2021:US:Medicare                 106.62 USD
  Expenses:Taxes:Y2021:US:Federal                 1062.92 USD
  Expenses:Taxes:Y2021:US:State                    365.08 USD
  Expenses:Taxes:Y2021:US:CityNYC                  174.92 USD
  Expenses:Taxes:Y2021:US:SDI                        1.12 USD
  Expenses:Taxes:Y2021:US:SocSec                   281.54 USD
  Assets:US:Federal:PreTax401k                   -1200.00 IRAUSD
  Expenses:Taxes:Y2021:US:Federal:PreTax401k      1200.00 IRAUSD
  Assets:US:Babble:Vacation                             5 VACHR
  Income:US:Babble:Vacation                            -5 VACHR

2021-08-12 * "Babble" "Payroll"
  Assets:US:BofA:Checking                         2050.60 USD
  Assets:US:Vanguard:Cash                          500.00 USD
  Income:US:Babble:Salary                        -4615.38 USD
  Income:US:Babble:GroupTermLife                   -24.32 USD
  Expenses:Health:Life:GroupTermLife                24.32 USD
  Expenses:Health:Dental:Insurance                   2.90 USD
  Expenses:Health:Medical:Insurance                 27.38 USD
  Expenses:Health:Vision:Insurance                  42.30 USD
  Expenses:Taxes:Y2021:US:Medicare                 106.62 USD
  Expenses:Taxes:Y2021:US:Federal                 1062.92 USD
  Expenses:Taxes:Y2021:US:State                    365.08 USD
  Expenses:Taxes:Y2021:US:CityNYC                  174.92 USD
  Expenses:Taxes:Y2021:US:SDI                        1.12 USD
  Expenses:Taxes:Y2021:US:SocSec                   281.54 USD
  Assets:US:Federal:PreTax401k                    -500.00 IRAUSD
  Expenses:Taxes:Y2021:US:Federal:PreTax401k       500.00 IRAUSD
  Assets:US:Babble:Vacation                             5 VACHR
  Income:US:Babble:Vacation                            -5 VACHR

2021-08-26 * "Babble" "Payroll"
  Assets:US:BofA:Checking                         2550.60 USD
  Income:US:Babble:Salary                        -4615.38 USD
  Income:US:Babble:GroupTermLife                   -24.32 USD
  Expenses:Health:Life:GroupTermLife                24.32 USD
  Expenses:Health:Dental:Insurance                   2.90 USD
  Expenses:Health:Medical:Insurance                 27.38 USD
  Expenses:Health:Vision:Insurance                  42.30 USD
  Expenses:Taxes:Y2021:US:Medicare                 106.62 USD
  Expenses:Taxes:Y2021:US:Federal                 1062.92 USD
  Expenses:Taxes:Y2021:US:State                    365.08 USD
  Expenses:Taxes:Y2021:US:CityNYC                  174.92 USD
  Expenses:Taxes:Y2021:US:SDI                        1.12 USD
  Expenses:Taxes:Y2021:US:SocSec                   281.54 USD
  Assets:US:Federal:PreTax401k                       0.00 IRAUSD
  Assets:US:Babble:Vacation                             5 VACHR
  Income:US:Babble:Vacation                            -5 VACHR

2021-09-09 * "Babble" "Payroll"
  Assets:US:BofA:Checking                         2550.60 USD
  Income:US:Babble:Salary                        -4615.38 USD
  Income:US:Babble:GroupTermLife                   -24.32 USD
  Expenses:Health:Life:GroupTermLife                24.32 USD
  Expenses:Health:Dental:Insurance                   2.90 USD
  Expenses:Health:Medical:Insurance                 27.38 USD
  Expenses:Health:Vision:Insurance                  42.30 USD
  Expenses:Taxes:Y2021:US:Medicare                 106.62 USD
  Expenses:Taxes:Y2021:US:Federal                 1062.92 USD
  Expenses:Taxes:Y2021:US:State                    365.08 USD
  Expenses:Taxes:Y2021:US:CityNYC                  174.92 USD
  Expenses:Taxes:Y2021:US:SDI                        1.12 USD
  Expenses:Taxes:Y2021:US:SocSec                   281.54 USD
  Assets:US:Federal:PreTax401k                       0.00 IRAUSD
  Assets:US:Babble:Vacation                             5 VACHR
  Income:US:Babble:Vacation                            -5 VACHR

2021-09-23 * "Babble" "Payroll"
  Assets:US:BofA:Checking                         2550.60 USD
  Income:US:Babble:Salary                        -4615.38 USD
  Income:US:Babble:GroupTermLife                   -24.32 USD
  Expenses:Health:Life:GroupTermLife                24.32 USD
  Expenses:Health:Dental:Insurance                   2.90 USD
  Expenses:Health:Medical:Insurance                 27.38 USD
  Expenses:Health:Vision:Insurance                  42.30 USD
  Expenses:Taxes:Y2021:US:Medicare                 106.62 USD
  Expenses:Taxes:Y2021:US:Federal                 1062.92 USD
  Expenses:Taxes:Y2021:US:State                    365.08 USD
  Expenses:Taxes:Y2021:US:CityNYC                  174.92 USD
  Expenses:Taxes:Y2021:US:SDI                        1.12 USD
  Expenses:Taxes:Y2021:US:SocSec                   281.54 USD
  Assets:US:Federal:PreTax401k                       0.00 IRAUSD
  Assets:US:Babble:Vacation                             5 VACHR
  Income:US:Babble:Vacation                            -5 VACHR

2021-10-07 * "Babble" "Payroll"
  Assets:US:BofA:Checking                         2550.60 USD
  Income:US:Babble:Salary                        -4615.38 USD
  Income:US:Babble:GroupTermLife                   -24.32 USD
  Expenses:Health:Life:GroupTermLife                24.32 USD
  Expenses:Health:Dental:Insurance                   2.90 USD
  Expenses:Health:Medical:Insurance                 27.38 USD
  Expenses:Health:Vision:Insurance                  42.30 USD
  Expenses:Taxes:Y2021:US:Medicare                 106.62 USD
  Expenses:Taxes:Y2021:US:Federal                 1062.92 USD
  Expenses:Taxes:Y2021:US:State                    365.08 USD
  Expenses:Taxes:Y2021:US:CityNYC                  174.92 USD
  Expenses:Taxes:Y2021:US:SDI                        1.12 USD
  Expenses:Taxes:Y2021:US:SocSec                   281.54 USD
  Assets:US:Federal:PreTax401k                       0.00 IRAUSD
  Assets:US:Babble:Vacation                             5 VACHR
  Income:US:Babble:Vacation                            -5 VACHR

2021-10-21 * "Babble" "Payroll"
  Assets:US:BofA:Checking                         2550.60 USD
  Income:US:Babble:Salary                        -4615.38 USD
  Income:US:Babble:GroupTermLife                   -24.32 USD
  Expenses:Health:Life:GroupTermLife                24.32 USD
  Expenses:Health:Dental:Insurance                   2.90 USD
  Expenses:Health:Medical:Insurance                 27.38 USD
  Expenses:Health:Vision:Insurance                  42.30 USD
  Expenses:Taxes:Y2021:US:Medicare                 106.62 USD
  Expenses:Taxes:Y2021:US:Federal                 1062.92 USD
  Expenses:Taxes:Y2021:US:State                    365.08 USD
  Expenses:Taxes:Y2021:US:CityNYC                  174.92 USD
  Expenses:Taxes:Y2021:US:SDI                        1.12 USD
  Expenses:Taxes:Y2021:US:SocSec                   281.54 USD
  Assets:US:Federal:PreTax401k                       0.00 IRAUSD
  Assets:US:Babble:Vacation                             5 VACHR
  Income:US:Babble:Vacation                            -5 VACHR

2021-11-04 * "Babble" "Payroll"
  Assets:US:BofA:Checking                         2550.60 USD
  Income:US:Babble:Salary                        -4615.38 USD
  Income:US:Babble:GroupTermLife                   -24.32 USD
  Expenses:Health:Life:GroupTermLife                24.32 USD
  Expenses:Health:Dental:Insurance                   2.90 USD
  Expenses:Health:Medical:Insurance                 27.38 USD
  Expenses:Health:Vision:Insurance                  42.30 USD
  Expenses:Taxes:Y2021:US:Medicare                 106.62 USD
  Expenses:Taxes:Y2021:US:Federal                 1062.92 USD
  Expenses:Taxes:Y2021:US:State                    365.08 USD
  Expenses:Taxes:Y2021:US:CityNYC                  174.92 USD
  Expenses:Taxes:Y2021:US:SDI                        1.12 USD
  Expenses:Taxes:Y2021:US:SocSec                   281.54 USD
  Assets:US:Federal:PreTax401k                       0.00 IRAUSD
  Assets:US:Babble:Vacation                             5 VACHR
  Income:US:Babble:Vacation                            -5 VACHR

2021-11-18 * "Babble" "Payroll"
  Assets:US:BofA:Checking                         2550.60 USD
  Income:US:Babble:Salary                        -4615.38 USD
  Income:US:Babble:GroupTermLife                   -24.32 USD
  Expenses:Health:Life:GroupTermLife                24.32 USD
  Expenses:Health:Dental:Insurance                   2.90 USD
  Expenses:Health:Medical:Insurance                 27.38 USD
  Expenses:Health:Vision:Insurance                  42.30 USD
  Expenses:Taxes:Y2021:US:Medicare                 106.62 USD
  Expenses:Taxes:Y2021:US:Federal                 1062.92 USD
  Expenses:Taxes:Y2021:US:State                    365.08 USD
  Expenses:Taxes:Y2021:US:CityNYC                  174.92 USD
  Expenses:Taxes:Y2021:US:SDI                        1.12 USD
  Expenses:Taxes:Y2021:US:SocSec                   281.54 USD
  Assets:US:Federal:PreTax401k                       0.00 IRAUSD
  Assets:US:Babble:Vacation                             5 VACHR
  Income:US:Babble:Vacation                            -5 VACHR

2021-12-02 * "Babble" "Payroll"
  Assets:US:BofA:Checking                         2550.60 USD
  Income:US:Babble:Salary                        -4615.38 USD
  Income:US:Babble:GroupTermLife                   -24.32 USD
  Expenses:Health:Life:GroupTermLife                24.32 USD
  Expenses:Health:Dental:Insurance                   2.90 USD
  Expenses:Health:Medical:Insurance                 27.38 USD
  Expenses:Health:Vision:Insurance                  42.30 USD
  Expenses:Taxes:Y2021:US:Medicare                 106.62 USD
  Expenses:Taxes:Y2021:US:Federal                 1062.92 USD
  Expenses:Taxes:Y2021:US:State                    365.08 USD
  Expenses:Taxes:Y2021:US:CityNYC                  174.92 USD
  Expenses:Taxes:Y2021:US:SDI                        1.12 USD
  Expenses:Taxes:Y2021:US:SocSec                   281.54 USD
  Assets:US:Federal:PreTax401k                       0.00 IRAUSD
  Assets:US:Babble:Vacation                             5 VACHR
  Income:US:Babble:Vacation                            -5 VACHR

2021-12-16 * "Babble" "Payroll"
  Assets:US:BofA:Checking                         2589.06 USD
  Income:US:Babble:Salary                        -4615.38 USD
  Income:US:Babble:GroupTermLife                   -24.32 USD
  Expenses:Health:Life:GroupTermLife                24.32 USD
  Expenses:Health:Dental:Insurance                   2.90 USD
  Expenses:Health:Medical:Insurance                 27.38 USD
  Expenses:Health:Vision:Insurance                  42.30 USD
  Expenses:Taxes:Y2021:US:Medicare                 106.62 USD
  Expenses:Taxes:Y2021:US:Federal                 1062.92 USD
  Expenses:Taxes:Y2021:US:State                    365.08 USD
  Expenses:Taxes:Y2021:US:CityNYC                  174.92 USD
  Expenses:Taxes:Y2021:US:SDI                        1.12 USD
  Expenses:Taxes:Y2021:US:SocSec                   243.08 USD
  Assets:US:Federal:PreTax401k                       0.00 IRAUSD
  Assets:US:Babble:Vacation                             5 VACHR
  Income:US:Babble:Vacation                            -5 VACHR

2021-12-30 * "Babble" "Payroll"
  Assets:US:BofA:Checking                         2832.14 USD
  Income:US:Babble:Salary                        -4615.38 USD
  Income:US:Babble:GroupTermLife                   -24.32 USD
  Expenses:Health:Life:GroupTermLife                24.32 USD
  Expenses:Health:Dental:Insurance                   2.90 USD
  Expenses:Health:Medical:Insurance                 27.38 USD
  Expenses:Health:Vision:Insurance                  42.30 USD
  Expenses:Taxes:Y2021:US:Medicare                 106.62 USD
  Expenses:Taxes:Y2021:US:Federal                 1062.92 USD
  Expenses:Taxes:Y2021:US:State                    365.08 USD
  Expenses:Taxes:Y2021:US:CityNYC                  174.92 USD
  Expenses:Taxes:Y2021:US:SDI                        1.12 USD
  Expenses:Taxes:Y2021:US:SocSec                     0.00 USD
  Assets:US:Federal:PreTax401k                       0.00 IRAUSD
  Assets:US:Babble:Vacation                             5 VACHR
  Income:US:Babble:Vacation                            -5 VACHR

2022-01-13 * "Babble" "Payroll"
  Assets:US:BofA:Checking                         1350.60 USD
  Assets:US:Vanguard:Cash                         1200.00 USD
  Income:US:Babble:Salary                        -4615.38 USD
  Income:US:Babble:GroupTermLife                   -24.32 USD
  Expenses:Health:Life:GroupTermLife                24.32 USD
  Expenses:Health:Dental:Insurance                   2.90 USD
  Expenses:Health:Medical:Insurance                 27.38 USD
  Expenses:Health:Vision:Insurance                  42.30 USD
  Expenses:Taxes:Y2022:US:Medicare                 106.62 USD
  Expenses:Taxes:Y2022:US:Federal                 1062.92 USD
  Expenses:Taxes:Y2022:US:State                    365.08 USD
  Expenses:Taxes:Y2022:US:CityNYC                  174.92 USD
  Expenses:Taxes:Y2022:US:SDI                        1.12 USD
  Expenses:Taxes:Y2022:US:SocSec                   281.54 USD
  Assets:US:Federal:PreTax401k                   -1200.00 IRAUSD
  Expenses:Taxes:Y2022:US:Federal:PreTax401k      1200.00 IRAUSD
  Assets:US:Babble:Vacation                             5 VACHR
  Income:US:Babble:Vacation                            -5 VACHR

2022-01-27 * "Babble" "Payroll"
  Assets:US:BofA:Checking                         1350.60 USD
  Assets:US:Vanguard:Cash                         1200.00 USD
  Income:US:Babble:Salary                        -4615.38 USD
  Income:US:Babble:GroupTermLife                   -24.32 USD
  Expenses:Health:Life:GroupTermLife                24.32 USD
  Expenses:Health:Dental:Insurance                   2.90 USD
  Expenses:Health:Medical:Insurance                 27.38 USD
  Expenses:Health:Vision:Insurance                  42.30 USD
  Expenses:Taxes:Y2022:US:Medicare                 106.62 USD
  Expenses:Taxes:Y2022:US:Federal                 1062.92 USD
  Expenses:Taxes:Y2022:US:State                    365.08 USD
  Expenses:Taxes:Y2022:US:CityNYC                  174.92 USD
  Expenses:Taxes:Y2022:US:SDI                        1.12 USD
  Expenses:Taxes:Y2022:US:SocSec                   281.54 USD
  Assets:US:Federal:PreTax401k                   -1200.00 IRAUSD
  Expenses:Taxes:Y2022:US:Federal:PreTax401k      1200.00 IRAUSD
  Assets:US:Babble:Vacation                             5 VACHR
  Income:US:Babble:Vacation                            -5 VACHR

2022-02-10 * "Babble" "Payroll"
  Assets:US:BofA:Checking                         1350.60 USD
  Assets:US:Vanguard:Cash                         1200.00 USD
  Income:US:Babble:Salary                        -4615.38 USD
  Income:US:Babble:GroupTermLife                   -24.32 USD
  Expenses:Health:Life:GroupTermLife                24.32 USD
  Expenses:Health:Dental:Insurance                   2.90 USD
  Expenses:Health:Medical:Insurance                 27.38 USD
  Expenses:Health:Vision:Insurance                  42.30 USD
  Expenses:Taxes:Y2022:US:Medicare                 106.62 USD
  Expenses:Taxes:Y2022:US:Federal                 1062.92 USD
  Expenses:Taxes:Y2022:US:State                    365.08 USD
  Expenses:Taxes:Y2022:US:CityNYC                  174.92 USD
  Expenses:Taxes:Y2022:US:SDI                        1.12 USD
  Expenses:Taxes:Y2022:US:SocSec                   281.54 USD
  Assets:US:Federal:PreTax401k                   -1200.00 IRAUSD
  Expenses:Taxes:Y2022:US:Federal:PreTax401k      1200.00 IRAUSD
  Assets:US:Babble:Vacation                             5 VACHR
  Income:US:Babble:Vacation                            -5 VACHR

2022-02-24 * "Babble" "Payroll"
  Assets:US:BofA:Checking                         1350.60 USD
  Assets:US:Vanguard:Cash                         1200.00 USD
  Income:US:Babble:Salary                        -4615.38 USD
  Income:US:Babble:GroupTermLife                   -24.32 USD
  Expenses:Health:Life:GroupTermLife                24.32 USD
  Expenses:Health:Dental:Insurance                   2.90 USD
  Expenses:Health:Medical:Insurance                 27.38 USD
  Expenses:Health:Vision:Insurance                  42.30 USD
  Expenses:Taxes:Y2022:US:Medicare                 106.62 USD
  Expenses:Taxes:Y2022:US:Federal                 1062.92 USD
  Expenses:Taxes:Y2022:US:State                    365.08 USD
  Expenses:Taxes:Y2022:US:CityNYC                  174.92 USD
  Expenses:Taxes:Y2022:US:SDI                        1.12 USD
  Expenses:Taxes:Y2022:US:SocSec                   281.54 USD
  Assets:US:Federal:PreTax401k                   -1200.00 IRAUSD
  Expenses:Taxes:Y2022:US:Federal:PreTax401k      1200.00 IRAUSD
  Assets:US:Babble:Vacation                             5 VACHR
  Income:US:Babble:Vacation                            -5 VACHR

2022-03-10 * "Babble" "Payroll"
  Assets:US:BofA:Checking                         1350.60 USD
  Assets:US:Vanguard:Cash                         1200.00 USD
  Income:US:Babble:Salary                        -4615.38 USD
  Income:US:Babble:GroupTermLife                   -24.32 USD
  Expenses:Health:Life:GroupTermLife                24.32 USD
  Expenses:Health:Dental:Insurance                   2.90 USD
  Expenses:Health:Medical:Insurance                 27.38 USD
  Expenses:Health:Vision:Insurance                  42.30 USD
  Expenses:Taxes:Y2022:US:Medicare                 106.62 USD
  Expenses:Taxes:Y2022:US:Federal                 1062.92 USD
  Expenses:Taxes:Y2022:US:State                    365.08 USD
  Expenses:Taxes:Y2022:US:CityNYC                  174.92 USD
  Expenses:Taxes:Y2022:US:SDI                        1.12 USD
  Expenses:Taxes:Y2022:US:SocSec                   281.54 USD
  Assets:US:Federal:PreTax401k                   -1200.00 IRAUSD
  Expenses:Taxes:Y2022:US:Federal:PreTax401k      1200.00 IRAUSD
  Assets:US:Babble:Vacation                             5 VACHR
  Income:US:Babble:Vacation                            -5 VACHR

2022-03-24 * "Babble" "Payroll"
  Assets:US:BofA:Checking                         1350.60 USD
  Assets:US:Vanguard:Cash                         1200.00 USD
  Income:US:Babble:Salary                        -4615.38 USD
  Income:US:Babble:GroupTermLife                   -24.32 USD
  Expenses:Health:Life:GroupTermLife                24.32 USD
  Expenses:Health:Dental:Insurance                   2.90 USD
  Expenses:Health:Medical:Insurance                 27.38 USD
  Expenses:Health:Vision:Insurance                  42.30 USD
  Expenses:Taxes:Y2022:US:Medicare                 106.62 USD
  Expenses:Taxes:Y2022:US:Federal                 1062.92 USD
  Expenses:Taxes:Y2022:US:State                    365.08 USD
  Expenses:Taxes:Y2022:US:CityNYC                  174.92 USD
  Expenses:Taxes:Y2022:US:SDI                        1.12 USD
  Expenses:Taxes:Y2022:US:SocSec                   281.54 USD
  Assets:US:Federal:PreTax401k                   -1200.00 IRAUSD
  Expenses:Taxes:Y2022:US:Federal:PreTax401k      1200.00 IRAUSD
  Assets:US:Babble:Vacation                             5 VACHR
  Income:US:Babble:Vacation                            -5 VACHR

2022-04-07 * "Babble" "Payroll"
  Assets:US:BofA:Checking                         1350.60 USD
  Assets:US:Vanguard:Cash                         1200.00 USD
  Income:US:Babble:Salary                        -4615.38 USD
  Income:US:Babble:GroupTermLife                   -24.32 USD
  Expenses:Health:Life:GroupTermLife                24.32 USD
  Expenses:Health:Dental:Insurance                   2.90 USD
  Expenses:Health:Medical:Insurance                 27.38 USD
  Expenses:Health:Vision:Insurance                  42.30 USD
  Expenses:Taxes:Y2022:US:Medicare                 106.62 USD
  Expenses:Taxes:Y2022:US:Federal                 1062.92 USD
  Expenses:Taxes:Y2022:US:State                    365.08 USD
  Expenses:Taxes:Y2022:US:CityNYC                  174.92 USD
  Expenses:Taxes:Y2022:US:SDI                        1.12 USD
  Expenses:Taxes:Y2022:US:SocSec                   281.54 USD
  Assets:US:Federal:PreTax401k                   -1200.00 IRAUSD
  Expenses:Taxes:Y2022:US:Federal:PreTax401k      1200.00 IRAUSD
  Assets:US:Babble:Vacation                             5 VACHR
  Income:US:Babble:Vacation                            -5 VACHR

2022-04-21 * "Babble" "Payroll"
  Assets:US:BofA:Checking                         1350.60 USD
  Assets:US:Vanguard:Cash                         1200.00 USD
  Income:US:Babble:Salary                        -4615.38 USD
  Income:US:Babble:GroupTermLife                   -24.32 USD
  Expenses:Health:Life:GroupTermLife                24.32 USD
  Expenses:Health:Dental:Insurance                   2.90 USD
  Expenses:Health:Medical:Insurance                 27.38 USD
  Expenses:Health:Vision:Insurance                  42.30 USD
  Expenses:Taxes:Y2022:US:Medicare                 106.62 USD
  Expenses:Taxes:Y2022:US:Federal                 1062.92 USD
  Expenses:Taxes:Y2022:US:State                    365.08 USD
  Expenses:Taxes:Y2022:US:CityNYC                  174.92 USD
  Expenses:Taxes:Y2022:US:SDI                        1.12 USD
  Expenses:Taxes:Y2022:US:SocSec                   281.54 USD
  Assets:US:Federal:PreTax401k                   -1200.00 IRAUSD
  Expenses:Taxes:Y2022:US:Federal:PreTax401k      1200.00 IRAUSD
  Assets:US:Babble:Vacation                             5 VACHR
  Income:US:Babble:Vacation                            -5 VACHR

2022-05-05 * "Babble" "Payroll"
  Assets:US:BofA:Checking                         1350.60 USD
  Assets:US:Vanguard:Cash                         1200.00 USD
  Income:US:Babble:Salary                        -4615.38 USD
  Income:US:Babble:GroupTermLife                   -24.32 USD
  Expenses:Health:Life:GroupTermLife                24.32 USD
  Expenses:Health:Dental:Insurance                   2.90 USD
  Expenses:Health:Medical:Insurance                 27.38 USD
  Expenses:Health:Vision:Insurance                  42.30 USD
  Expenses:Taxes:Y2022:US:Medicare                 106.62 USD
  Expenses:Taxes:Y2022:US:Federal                 1062.92 USD
  Expenses:Taxes:Y2022:US:State                    365.08 USD
  Expenses:Taxes:Y2022:US:CityNYC                  174.92 USD
  Expenses:Taxes:Y2022:US:SDI                        1.12 USD
  Expenses:Taxes:Y2022:US:SocSec                   281.54 USD
  Assets:US:Federal:PreTax401k                   -1200.00 IRAUSD
  Expenses:Taxes:Y2022:US:Federal:PreTax401k      1200.00 IRAUSD
  Assets:US:Babble:Vacation                             5 VACHR
  Income:US:Babble:Vacation                            -5 VACHR

2022-05-19 * "Babble" "Payroll"
  Assets:US:BofA:Checking                         1350.60 USD
  Assets:US:Vanguard:Cash                         1200.00 USD
  Income:US:Babble:Salary                        -4615.38 USD
  Income:US:Babble:GroupTermLife                   -24.32 USD
  Expenses:Health:Life:GroupTermLife                24.32 USD
  Expenses:Health:Dental:Insurance                   2.90 USD
  Expenses:Health:Medical:Insurance                 27.38 USD
  Expenses:Health:Vision:Insurance                  42.30 USD
  Expenses:Taxes:Y2022:US:Medicare                 106.62 USD
  Expenses:Taxes:Y2022:US:Federal                 1062.92 USD
  Expenses:Taxes:Y2022:US:State                    365.08 USD
  Expenses:Taxes:Y2022:US:CityNYC                  174.92 USD
  Expenses:Taxes:Y2022:US:SDI                        1.12 USD
  Expenses:Taxes:Y2022:US:SocSec                   281.54 USD
  Assets:US:Federal:PreTax401k                   -1200.00 IRAUSD
  Expenses:Taxes:Y2022:US:Federal:PreTax401k      1200.00 IRAUSD
  Assets:US:Babble:Vacation                             5 VACHR
  Income:US:Babble:Vacation                            -5 VACHR

2022-06-02 * "Babble" "Payroll"
  Assets:US:BofA:Checking                         1350.60 USD
  Assets:US:Vanguard:Cash                         1200.00 USD
  Income:US:Babble:Salary                        -4615.38 USD
  Income:US:Babble:GroupTermLife                   -24.32 USD
  Expenses:Health:Life:GroupTermLife                24.32 USD
  Expenses:Health:Dental:Insurance                   2.90 USD
  Expenses:Health:Medical:Insurance                 27.38 USD
  Expenses:Health:Vision:Insurance                  42.30 USD
  Expenses:Taxes:Y2022:US:Medicare                 106.62 USD
  Expenses:Taxes:Y2022:US:Federal                 1062.92 USD
  Expenses:Taxes:Y2022:US:State                    365.08 USD
  Expenses:Taxes:Y2022:US:CityNYC                  174.92 USD
  Expenses:Taxes:Y2022:US:SDI                        1.12 USD
  Expenses:Taxes:Y2022:US:SocSec                   281.54 USD
  Assets:US:Federal:PreTax401k                   -1200.00 IRAUSD
  Expenses:Taxes:Y2022:US:Federal:PreTax401k      1200.00 IRAUSD
  Assets:US:Babble:Vacation                             5 VACHR
  Income:US:Babble:Vacation                            -5 VACHR

2022-06-16 * "Babble" "Payroll"
  Assets:US:BofA:Checking                         1350.60 USD
  Assets:US:Vanguard:Cash                         1200.00 USD
  Income:US:Babble:Salary                        -4615.38 USD
  Income:US:Babble:GroupTermLife                   -24.32 USD
  Expenses:Health:Life:GroupTermLife                24.32 USD
  Expenses:Health:Dental:Insurance                   2.90 USD
  Expenses:Health:Medical:Insurance                 27.38 USD
  Expenses:Health:Vision:Insurance                  42.30 USD
  Expenses:Taxes:Y2022:US:Medicare                 106.62 USD
  Expenses:Taxes:Y2022:US:Federal                 1062.92 USD
  Expenses:Taxes:Y2022:US:State                    365.08 USD
  Expenses:Taxes:Y2022:US:CityNYC                  174.92 USD
  Expenses:Taxes:Y2022:US:SDI                        1.12 USD
  Expenses:Taxes:Y2022:US:SocSec                   281.54 USD
  Assets:US:Federal:PreTax401k                   -1200.00 IRAUSD
  Expenses:Taxes:Y2022:US:Federal:PreTax401k      1200.00 IRAUSD
  Assets:US:Babble:Vacation                             5 VACHR
  Income:US:Babble:Vacation                            -5 VACHR



* Taxes

1980-05-12 open Income:US:Federal:PreTax401k                    IRAUSD
1980-05-12 open Assets:US:Federal:PreTax401k                    IRAUSD



** Tax Year 2020

2020-01-01 open Expenses:Taxes:Y2020:US:Federal:PreTax401k      IRAUSD
2020-01-01 open Expenses:Taxes:Y2020:US:Medicare                USD
2020-01-01 open Expenses:Taxes:Y2020:US:Federal                 USD
2020-01-01 open Expenses:Taxes:Y2020:US:CityNYC                 USD
2020-01-01 open Expenses:Taxes:Y2020:US:SDI                     USD
2020-01-01 open Expenses:Taxes:Y2020:US:State                   USD
2020-01-01 open Expenses:Taxes:Y2020:US:SocSec                  USD

2020-01-01 balance Assets:US:Federal:PreTax401k         0 IRAUSD

2020-01-01 * "Allowed contributions for one year"
  Income:US:Federal:PreTax401k                     -18500 IRAUSD
  Assets:US:Federal:PreTax401k                      18500 IRAUSD

2021-03-22 * "Filing taxes for 2020"
  Expenses:Taxes:Y2020:US:Federal                  434.81 USD
  Expenses:Taxes:Y2020:US:State                    256.54 USD
  Liabilities:AccountsPayable                     -691.35 USD

2021-03-23 * "FEDERAL TAXPYMT"
  Assets:US:BofA:Checking                         -434.81 USD
  Liabilities:AccountsPayable                      434.81 USD

2021-03-26 * "STATE TAX & FINANC PYMT"
  Assets:US:BofA:Checking                         -256.54 USD
  Liabilities:AccountsPayable                      256.54 USD



** Tax Year 2021

2021-01-01 open Expenses:Taxes:Y2021:US:Federal:PreTax401k      IRAUSD
2021-01-01 open Expenses:Taxes:Y2021:US:Medicare                USD
2021-01-01 open Expenses:Taxes:Y2021:US:Federal                 USD
2021-01-01 open Expenses:Taxes:Y2021:US:CityNYC                 USD
2021-01-01 open Expenses:Taxes:Y2021:US:SDI                     USD
2021-01-01 open Expenses:Taxes:Y2021:US:State                   USD
2021-01-01 open Expenses:Taxes:Y2021:US:SocSec                  USD

2021-01-01 balance Assets:US:Federal:PreTax401k         0 IRAUSD

2021-01-01 * "Allowed contributions for one year"
  Income:US:Federal:PreTax401k                     -18500 IRAUSD
  Assets:US:Federal:PreTax401k                      18500 IRAUSD

2022-03-25 * "Filing taxes for 2021"
  Expenses:Taxes:Y2021:US:Federal                  596.42 USD
  Expenses:Taxes:Y2021:US:State                     48.97 USD
  Liabilities:AccountsPayable                     -645.39 USD

2022-03-25 * "STATE TAX & FINANC PYMT"
  Assets:US:BofA:Checking                          -48.97 USD
  Liabilities:AccountsPayable                       48.97 USD

2022-03-29 * "FEDERAL TAXPYMT"
  Assets:US:BofA:Checking                         -596.42 USD
  Liabilities:AccountsPayable                      596.42 USD



** Tax Year 2022

2022-01-01 open Expenses:Taxes:Y2022:US:Federal:PreTax401k      IRAUSD
2022-01-01 open Expenses:Taxes:Y2022:US:Medicare                USD
2022-01-01 open Expenses:Taxes:Y2022:US:Federal                 USD
2022-01-01 open Expenses:Taxes:Y2022:US:CityNYC                 USD
2022-01-01 open Expenses:Taxes:Y2022:US:SDI                     USD
2022-01-01 open Expenses:Taxes:Y2022:US:State                   USD
2022-01-01 open Expenses:Taxes:Y2022:US:SocSec                  USD

2022-01-01 balance Assets:US:Federal:PreTax401k         0 IRAUSD

2022-01-01 * "Allowed contributions for one year"
  Income:US:Federal:PreTax401k                     -18500 IRAUSD
  Assets:US:Federal:PreTax401k                      18500 IRAUSD



* Expenses

1980-05-12 open Expenses:Food:Groceries
1980-05-12 open Expenses:Food:Restaurant
1980-05-12 open Expenses:Food:Coffee
1980-05-12 open Expenses:Food:Alcohol
1980-05-12 open Expenses:Transport:Tram
1980-05-12 open Expenses:Home:Rent
1980-05-12 open Expenses:Home:Electricity
1980-05-12 open Expenses:Home:Internet
1980-05-12 open Expenses:Home:Phone
1980-05-12 open Expenses:Financial:Fees
1980-05-12 open Expenses:Financial:Commissions



* Prices

2020-01-03 price VBMPX                             150.17 USD
2020-01-03 price RGAGX                             158.34 USD
2020-01-03 price ITOT                              132.33 USD
2020-01-03 price VEA                               181.54 USD
2020-01-03 price VHT                               191.47 USD
2020-01-03 price GLD                                85.28 USD
2020-01-10 price VBMPX                             147.50 USD
2020-01-10 price RGAGX                             157.68 USD
2020-01-10 price ITOT                              132.42 USD
2020-01-10 price VEA                               182.85 USD
2020-01-10 price VHT                               190.46 USD
2020-01-10 price GLD                                85.19 USD
2020-01-17 price VBMPX                             144.92 USD
2020-01-17 price RGAGX                             158.76 USD
2020-01-17 price ITOT                              133.58 USD
2020-01-17 price VEA                               183.72 USD
2020-01-17 price VHT                               190.53 USD
2020-01-17 price GLD                                85.03 USD
2020-01-24 price VBMPX                             143.17 USD
2020-01-24 price RGAGX                             158.12 USD
2020-01-24 price ITOT                              135.02 USD
2020-01-24 price VEA                               184.02 USD
2020-01-24 price VHT                               190.08 USD
2020-01-24 price GLD                                85.98 USD
2020-01-31 price VBMPX                             146.18 USD
2020-01-31 price RGAGX                             158.35 USD
2020-01-31 price ITOT                              133.12 USD
2020-01-31 price VEA                               183.11 USD
2020-01-31 price VHT                               193.10 USD
2020-01-31 price GLD                                87.10 USD
2020-02-07 price VBMPX                             143.29 USD
2020-02-07 price RGAGX                             156.06 USD
2020-02-07 price ITOT                              134.84 USD
2020-02-07 price VEA                               183.80 USD
2020-02-07 price VHT                               192.79 USD
2020-02-07 price GLD                                87.78 USD
2020-02-14 price VBMPX                             142.87 USD
2020-02-14 price RGAGX                             157.06 USD
2020-02-14 price ITOT                              134.78 USD
2020-02-14 price VEA                               183.51 USD
2020-02-14 price VHT                               191.92 USD
2020-02-14 price GLD                                87.75 USD
2020-02-21 price VBMPX                             142.30 USD
2020-02-21 price RGAGX                             158.33 USD
2020-02-21 price ITOT                              137.60 USD
2020-02-21 price VEA                               181.18 USD
2020-02-21 price VHT                               193.77 USD
2020-02-21 price GLD                                86.67 USD
2020-02-28 price VBMPX                             144.53 USD
2020-02-28 price RGAGX                             158.11 USD
2020-02-28 price ITOT                              136.91 USD
2020-02-28 price VEA                               177.36 USD
2020-02-28 price VHT                               194.15 USD
2020-02-28 price GLD                                85.03 USD
2020-03-06 price VBMPX                             143.36 USD
2020-03-06 price RGAGX                             159.00 USD
2020-03-06 price ITOT                              138.15 USD
2020-03-06 price VEA                               180.30 USD
2020-03-06 price VHT                               197.07 USD
2020-03-06 price GLD                                84.27 USD
2020-03-13 price VBMPX                             144.80 USD
2020-03-13 price RGAGX                             159.76 USD
2020-03-13 price ITOT                              139.54 USD
2020-03-13 price VEA                               184.09 USD
2020-03-13 price VHT                               195.63 USD
2020-03-13 price GLD                                85.26 USD
2020-03-20 price VBMPX                             143.44 USD
2020-03-20 price RGAGX                             160.25 USD
2020-03-20 price ITOT                              143.03 USD
2020-03-20 price VEA                               180.21 USD
2020-03-20 price VHT                               196.62 USD
2020-03-20 price GLD                                84.68 USD
2020-03-27 price VBMPX                             144.14 USD
2020-03-27 price RGAGX                             161.48 USD
2020-03-27 price ITOT                              142.95 USD
2020-03-27 price VEA                               186.43 USD
2020-03-27 price VHT                               204.23 USD
2020-03-27 price GLD                                85.16 USD
2020-04-03 price VBMPX                             146.14 USD
2020-04-03 price RGAGX                             160.17 USD
2020-04-03 price ITOT                              144.76 USD
2020-04-03 price VEA                               188.00 USD
2020-04-03 price VHT                               206.17 USD
2020-04-03 price GLD                                85.45 USD
2020-04-10 price VBMPX                             147.41 USD
2020-04-10 price RGAGX                             160.28 USD
2020-04-10 price ITOT                              147.35 USD
2020-04-10 price VEA                               185.80 USD
2020-04-10 price VHT                               205.21 USD
2020-04-10 price GLD                                86.66 USD
2020-04-17 price VBMPX                             142.41 USD
2020-04-17 price RGAGX                             162.39 USD
2020-04-17 price ITOT                              147.24 USD
2020-04-17 price VEA                               186.12 USD
2020-04-17 price VHT                               207.04 USD
2020-04-17 price GLD                                86.91 USD
2020-04-24 price VBMPX                             145.83 USD
2020-04-24 price RGAGX                             162.41 USD
2020-04-24 price ITOT                              144.86 USD
2020-04-24 price VEA                               181.32 USD
2020-04-24 price VHT                               211.80 USD
2020-04-24 price GLD                                87.11 USD
2020-05-01 price VBMPX                             147.10 USD
2020-05-01 price RGAGX                             163.25 USD
2020-05-01 price ITOT                              146.45 USD
2020-05-01 price VEA                               185.02 USD
2020-05-01 price VHT                               210.02 USD
2020-05-01 price GLD                                87.43 USD
2020-05-08 price VBMPX                             147.49 USD
2020-05-08 price RGAGX                             164.12 USD
2020-05-08 price ITOT                              147.37 USD
2020-05-08 price VEA                               188.51 USD
2020-05-08 price VHT                               211.29 USD
2020-05-08 price GLD                                88.44 USD
2020-05-15 price VBMPX                             147.80 USD
2020-05-15 price RGAGX                             162.01 USD
2020-05-15 price ITOT                              149.37 USD
2020-05-15 price VEA                               189.94 USD
2020-05-15 price VHT                               209.73 USD
2020-05-15 price GLD                                87.10 USD
2020-05-22 price VBMPX                             151.92 USD
2020-05-22 price RGAGX                             160.94 USD
2020-05-22 price ITOT                              147.21 USD
2020-05-22 price VEA                               188.54 USD
2020-05-22 price VHT                               210.77 USD
2020-05-22 price GLD                                86.96 USD
2020-05-29 price VBMPX                             151.90 USD
2020-05-29 price RGAGX                             160.25 USD
2020-05-29 price ITOT                              147.59 USD
2020-05-29 price VEA                               189.00 USD
2020-05-29 price VHT                               207.47 USD
2020-05-29 price GLD                                88.87 USD
2020-06-05 price VBMPX                             153.83 USD
2020-06-05 price RGAGX                             161.97 USD
2020-06-05 price ITOT                              147.36 USD
2020-06-05 price VEA                               184.75 USD
2020-06-05 price VHT                               213.67 USD
2020-06-05 price GLD                                90.47 USD
2020-06-12 price VBMPX                             158.41 USD
2020-06-12 price RGAGX                             164.20 USD
2020-06-12 price ITOT                              147.47 USD
2020-06-12 price VEA                               182.24 USD
2020-06-12 price VHT                               215.81 USD
2020-06-12 price GLD                                91.93 USD
2020-06-19 price VBMPX                             156.18 USD
2020-06-19 price RGAGX                             165.69 USD
2020-06-19 price ITOT                              147.23 USD
2020-06-19 price VEA                               181.95 USD
2020-06-19 price VHT                               216.13 USD
2020-06-19 price GLD                                92.53 USD
2020-06-26 price VBMPX                             154.14 USD
2020-06-26 price RGAGX                             167.13 USD
2020-06-26 price ITOT                              149.24 USD
2020-06-26 price VEA                               181.47 USD
2020-06-26 price VHT                               212.34 USD
2020-06-26 price GLD                                93.32 USD
2020-07-03 price VBMPX                             151.58 USD
2020-07-03 price RGAGX                             167.09 USD
2020-07-03 price ITOT                              147.74 USD
2020-07-03 price VEA                               175.32 USD
2020-07-03 price VHT                               217.56 USD
2020-07-03 price GLD                                93.62 USD
2020-07-10 price VBMPX                             148.15 USD
2020-07-10 price RGAGX                             167.69 USD
2020-07-10 price ITOT                              147.72 USD
2020-07-10 price VEA                               171.83 USD
2020-07-10 price VHT                               216.53 USD
2020-07-10 price GLD                                93.77 USD
2020-07-17 price VBMPX                             148.49 USD
2020-07-17 price RGAGX                             168.98 USD
2020-07-17 price ITOT                              149.81 USD
2020-07-17 price VEA                               171.28 USD
2020-07-17 price VHT                               215.92 USD
2020-07-17 price GLD                                94.58 USD
2020-07-24 price VBMPX                             145.95 USD
2020-07-24 price RGAGX                             168.86 USD
2020-07-24 price ITOT                              148.49 USD
2020-07-24 price VEA                               175.68 USD
2020-07-24 price VHT                               214.72 USD
2020-07-24 price GLD                                97.66 USD
2020-07-31 price VBMPX                             148.06 USD
2020-07-31 price RGAGX                             167.28 USD
2020-07-31 price ITOT                              149.03 USD
2020-07-31 price VEA                               174.75 USD
2020-07-31 price VHT                               216.41 USD
2020-07-31 price GLD                                98.21 USD
2020-08-07 price VBMPX                             147.72 USD
2020-08-07 price RGAGX                             166.86 USD
2020-08-07 price ITOT                              150.13 USD
2020-08-07 price VEA                               174.04 USD
2020-08-07 price VHT                               214.19 USD
2020-08-07 price GLD                                98.47 USD
2020-08-14 price VBMPX                             144.99 USD
2020-08-14 price RGAGX                             166.01 USD
2020-08-14 price ITOT                              150.13 USD
2020-08-14 price VEA                               174.21 USD
2020-08-14 price VHT                               212.44 USD
2020-08-14 price GLD                                97.52 USD
2020-08-21 price VBMPX                             148.71 USD
2020-08-21 price RGAGX                             163.56 USD
2020-08-21 price ITOT                              153.53 USD
2020-08-21 price VEA                               176.02 USD
2020-08-21 price VHT                               214.45 USD
2020-08-21 price GLD                                96.57 USD
2020-08-28 price VBMPX                             150.09 USD
2020-08-28 price RGAGX                             161.38 USD
2020-08-28 price ITOT                              153.20 USD
2020-08-28 price VEA                               174.58 USD
2020-08-28 price VHT                               222.57 USD
2020-08-28 price GLD                                97.47 USD
2020-09-04 price VBMPX                             152.83 USD
2020-09-04 price RGAGX                             162.27 USD
2020-09-04 price ITOT                              153.01 USD
2020-09-04 price VEA                               174.32 USD
2020-09-04 price VHT                               224.76 USD
2020-09-04 price GLD                                97.25 USD
2020-09-11 price VBMPX                             152.35 USD
2020-09-11 price RGAGX                             164.73 USD
2020-09-11 price ITOT                              153.35 USD
2020-09-11 price VEA                               175.98 USD
2020-09-11 price VHT                               221.59 USD
2020-09-11 price GLD                                98.83 USD
2020-09-18 price VBMPX                             150.39 USD
2020-09-18 price RGAGX                             164.62 USD
2020-09-18 price ITOT                              154.72 USD
2020-09-18 price VEA                               175.22 USD
2020-09-18 price VHT                               219.43 USD
2020-09-18 price GLD                               100.00 USD
2020-09-25 price VBMPX                             148.31 USD
2020-09-25 price RGAGX                             166.58 USD
2020-09-25 price ITOT                              154.58 USD
2020-09-25 price VEA                               172.70 USD
2020-09-25 price VHT                               219.99 USD
2020-09-25 price GLD                                98.84 USD
2020-10-02 price VBMPX                             148.20 USD
2020-10-02 price RGAGX                             166.85 USD
2020-10-02 price ITOT                              156.59 USD
2020-10-02 price VEA                               171.55 USD
2020-10-02 price VHT                               216.96 USD
2020-10-02 price GLD                                99.27 USD
2020-10-09 price VBMPX                             145.29 USD
2020-10-09 price RGAGX                             169.14 USD
2020-10-09 price ITOT                              157.03 USD
2020-10-09 price VEA                               179.85 USD
2020-10-09 price VHT                               211.73 USD
2020-10-09 price GLD                                98.70 USD
2020-10-16 price VBMPX                             146.27 USD
2020-10-16 price RGAGX                             169.78 USD
2020-10-16 price ITOT                              155.53 USD
2020-10-16 price VEA                               179.49 USD
2020-10-16 price VHT                               208.62 USD
2020-10-16 price GLD                               100.14 USD
2020-10-23 price VBMPX                             144.09 USD
2020-10-23 price RGAGX                             169.44 USD
2020-10-23 price ITOT                              157.84 USD
2020-10-23 price VEA                               180.49 USD
2020-10-23 price VHT                               210.04 USD
2020-10-23 price GLD                                97.81 USD
2020-10-30 price VBMPX                             145.92 USD
2020-10-30 price RGAGX                             167.78 USD
2020-10-30 price ITOT                              158.53 USD
2020-10-30 price VEA                               179.03 USD
2020-10-30 price VHT                               212.68 USD
2020-10-30 price GLD                                97.74 USD
2020-11-06 price VBMPX                             148.96 USD
2020-11-06 price RGAGX                             168.21 USD
2020-11-06 price ITOT                              159.82 USD
2020-11-06 price VEA                               185.70 USD
2020-11-06 price VHT                               210.74 USD
2020-11-06 price GLD                                97.11 USD
2020-11-13 price VBMPX                             150.19 USD
2020-11-13 price RGAGX                             169.28 USD
2020-11-13 price ITOT                              156.60 USD
2020-11-13 price VEA                               183.71 USD
2020-11-13 price VHT                               213.65 USD
2020-11-13 price GLD                                97.70 USD
2020-11-20 price VBMPX                             150.19 USD
2020-11-20 price RGAGX                             166.61 USD
2020-11-20 price ITOT                              158.85 USD
2020-11-20 price VEA                               187.72 USD
2020-11-20 price VHT                               214.27 USD
2020-11-20 price GLD                                97.53 USD
2020-11-27 price VBMPX                             151.06 USD
2020-11-27 price RGAGX                             165.75 USD
2020-11-27 price ITOT                              157.62 USD
2020-11-27 price VEA                               190.13 USD
2020-11-27 price VHT                               217.21 USD
2020-11-27 price GLD                                97.69 USD
2020-12-04 price VBMPX                             152.15 USD
2020-12-04 price RGAGX                             166.70 USD
2020-12-04 price ITOT                              154.81 USD
2020-12-04 price VEA                               186.48 USD
2020-12-04 price VHT                               219.63 USD
2020-12-04 price GLD                                96.93 USD
2020-12-11 price VBMPX                             155.98 USD
2020-12-11 price RGAGX                             169.47 USD
2020-12-11 price ITOT                              158.06 USD
2020-12-11 price VEA                               186.18 USD
2020-12-11 price VHT                               219.73 USD
2020-12-11 price GLD                                97.51 USD
2020-12-18 price VBMPX                             157.98 USD
2020-12-18 price RGAGX                             170.24 USD
2020-12-18 price ITOT                              159.53 USD
2020-12-18 price VEA                               185.98 USD
2020-12-18 price VHT                               213.02 USD
2020-12-18 price GLD                                98.91 USD
2020-12-25 price VBMPX                             156.23 USD
2020-12-25 price RGAGX                             169.04 USD
2020-12-25 price ITOT                              160.01 USD
2020-12-25 price VEA                               184.02 USD
2020-12-25 price VHT                               217.63 USD
2020-12-25 price GLD                                98.24 USD
2021-01-01 price VBMPX                             158.71 USD
2021-01-01 price RGAGX                             170.85 USD
2021-01-01 price ITOT                              159.75 USD
2021-01-01 price VEA                               186.63 USD
2021-01-01 price VHT                               212.68 USD
2021-01-01 price GLD                                97.89 USD
2021-01-08 price VBMPX                             155.93 USD
2021-01-08 price RGAGX                             172.87 USD
2021-01-08 price ITOT                              163.62 USD
2021-01-08 price VEA                               185.00 USD
2021-01-08 price VHT                               212.00 USD
2021-01-08 price GLD                                99.37 USD
2021-01-15 price VBMPX                             159.20 USD
2021-01-15 price RGAGX                             173.60 USD
2021-01-15 price ITOT                              163.66 USD
2021-01-15 price VEA                               177.47 USD
2021-01-15 price VHT                               210.89 USD
2021-01-15 price GLD                                99.82 USD
2021-01-22 price VBMPX                             156.30 USD
2021-01-22 price RGAGX                             174.55 USD
2021-01-22 price ITOT                              167.00 USD
2021-01-22 price VEA                               174.92 USD
2021-01-22 price VHT                               205.17 USD
2021-01-22 price GLD                               101.23 USD
2021-01-29 price VBMPX                             155.82 USD
2021-01-29 price RGAGX                             175.03 USD
2021-01-29 price ITOT                              165.07 USD
2021-01-29 price VEA                               172.99 USD
2021-01-29 price VHT                               207.00 USD
2021-01-29 price GLD                               101.11 USD
2021-02-05 price VBMPX                             154.91 USD
2021-02-05 price RGAGX                             177.86 USD
2021-02-05 price ITOT                              163.74 USD
2021-02-05 price VEA                               174.69 USD
2021-02-05 price VHT                               206.62 USD
2021-02-05 price GLD                               101.42 USD
2021-02-12 price VBMPX                             156.77 USD
2021-02-12 price RGAGX                             176.09 USD
2021-02-12 price ITOT                              162.07 USD
2021-02-12 price VEA                               174.99 USD
2021-02-12 price VHT                               205.77 USD
2021-02-12 price GLD                               104.08 USD
2021-02-19 price VBMPX                             159.02 USD
2021-02-19 price RGAGX                             180.26 USD
2021-02-19 price ITOT                              161.61 USD
2021-02-19 price VEA                               179.16 USD
2021-02-19 price VHT                               208.90 USD
2021-02-19 price GLD                               105.32 USD
2021-02-26 price VBMPX                             160.81 USD
2021-02-26 price RGAGX                             179.73 USD
2021-02-26 price ITOT                              162.93 USD
2021-02-26 price VEA                               174.27 USD
2021-02-26 price VHT                               215.05 USD
2021-02-26 price GLD                               106.21 USD
2021-03-05 price VBMPX                             158.43 USD
2021-03-05 price RGAGX                             177.79 USD
2021-03-05 price ITOT                              158.88 USD
2021-03-05 price VEA                               180.14 USD
2021-03-05 price VHT                               217.93 USD
2021-03-05 price GLD                               104.76 USD
2021-03-12 price VBMPX                             152.41 USD
2021-03-12 price RGAGX                             177.40 USD
2021-03-12 price ITOT                              161.75 USD
2021-03-12 price VEA                               176.81 USD
2021-03-12 price VHT                               219.78 USD
2021-03-12 price GLD                               102.92 USD
2021-03-19 price VBMPX                             152.89 USD
2021-03-19 price RGAGX                             179.57 USD
2021-03-19 price ITOT                              162.76 USD
2021-03-19 price VEA                               176.15 USD
2021-03-19 price VHT                               218.38 USD
2021-03-19 price GLD                               104.20 USD
2021-03-26 price VBMPX                             151.34 USD
2021-03-26 price RGAGX                             174.71 USD
2021-03-26 price ITOT                              165.53 USD
2021-03-26 price VEA                               177.06 USD
2021-03-26 price VHT                               220.84 USD
2021-03-26 price GLD                               104.05 USD
2021-04-02 price VBMPX                             149.93 USD
2021-04-02 price RGAGX                             174.11 USD
2021-04-02 price ITOT                              166.16 USD
2021-04-02 price VEA                               178.51 USD
2021-04-02 price VHT                               228.26 USD
2021-04-02 price GLD                               103.59 USD
2021-04-09 price VBMPX                             151.90 USD
2021-04-09 price RGAGX                             172.33 USD
2021-04-09 price ITOT                              165.39 USD
2021-04-09 price VEA                               175.93 USD
2021-04-09 price VHT                               226.36 USD
2021-04-09 price GLD                               104.42 USD
2021-04-16 price VBMPX                             146.84 USD
2021-04-16 price RGAGX                             171.28 USD
2021-04-16 price ITOT                              165.47 USD
2021-04-16 price VEA                               178.81 USD
2021-04-16 price VHT                               226.79 USD
2021-04-16 price GLD                               105.00 USD
2021-04-23 price VBMPX                             147.13 USD
2021-04-23 price RGAGX                             171.20 USD
2021-04-23 price ITOT                              166.46 USD
2021-04-23 price VEA                               177.66 USD
2021-04-23 price VHT                               225.22 USD
2021-04-23 price GLD                               105.97 USD
2021-04-30 price VBMPX                             147.64 USD
2021-04-30 price RGAGX                             170.23 USD
2021-04-30 price ITOT                              164.53 USD
2021-04-30 price VEA                               174.56 USD
2021-04-30 price VHT                               222.78 USD
2021-04-30 price GLD                               105.22 USD
2021-05-07 price VBMPX                             145.58 USD
2021-05-07 price RGAGX                             168.16 USD
2021-05-07 price ITOT                              167.55 USD
2021-05-07 price VEA                               175.96 USD
2021-05-07 price VHT                               217.63 USD
2021-05-07 price GLD                               106.34 USD
2021-05-14 price VBMPX                             150.08 USD
2021-05-14 price RGAGX                             170.20 USD
2021-05-14 price ITOT                              166.86 USD
2021-05-14 price VEA                               177.46 USD
2021-05-14 price VHT                               214.26 USD
2021-05-14 price GLD                               107.11 USD
2021-05-21 price VBMPX                             146.44 USD
2021-05-21 price RGAGX                             171.35 USD
2021-05-21 price ITOT                              170.98 USD
2021-05-21 price VEA                               180.78 USD
2021-05-21 price VHT                               217.63 USD
2021-05-21 price GLD                               105.62 USD
2021-05-28 price VBMPX                             148.01 USD
2021-05-28 price RGAGX                             167.97 USD
2021-05-28 price ITOT                              172.49 USD
2021-05-28 price VEA                               183.85 USD
2021-05-28 price VHT                               215.46 USD
2021-05-28 price GLD                               105.88 USD
2021-06-04 price VBMPX                             147.46 USD
2021-06-04 price RGAGX                             167.15 USD
2021-06-04 price ITOT                              174.98 USD
2021-06-04 price VEA                               189.87 USD
2021-06-04 price VHT                               215.19 USD
2021-06-04 price GLD                               105.15 USD
2021-06-11 price VBMPX                             146.33 USD
2021-06-11 price RGAGX                             168.32 USD
2021-06-11 price ITOT                              176.75 USD
2021-06-11 price VEA                               191.01 USD
2021-06-11 price VHT                               217.11 USD
2021-06-11 price GLD                               105.05 USD
2021-06-18 price VBMPX                             146.79 USD
2021-06-18 price RGAGX                             169.72 USD
2021-06-18 price ITOT                              175.15 USD
2021-06-18 price VEA                               190.92 USD
2021-06-18 price VHT                               227.60 USD
2021-06-18 price GLD                               106.02 USD
2021-06-25 price VBMPX                             145.67 USD
2021-06-25 price RGAGX                             171.30 USD
2021-06-25 price ITOT                              174.21 USD
2021-06-25 price VEA                               188.29 USD
2021-06-25 price VHT                               235.36 USD
2021-06-25 price GLD                               106.48 USD
2021-07-02 price VBMPX                             142.41 USD
2021-07-02 price RGAGX                             169.65 USD
2021-07-02 price ITOT                              173.00 USD
2021-07-02 price VEA                               193.80 USD
2021-07-02 price VHT                               233.15 USD
2021-07-02 price GLD                               106.70 USD
2021-07-09 price VBMPX                             145.42 USD
2021-07-09 price RGAGX                             170.00 USD
2021-07-09 price ITOT                              171.65 USD
2021-07-09 price VEA                               196.52 USD
2021-07-09 price VHT                               238.05 USD
2021-07-09 price GLD                               108.05 USD
2021-07-16 price VBMPX                             146.47 USD
2021-07-16 price RGAGX                             171.50 USD
2021-07-16 price ITOT                              170.89 USD
2021-07-16 price VEA                               197.32 USD
2021-07-16 price VHT                               244.11 USD
2021-07-16 price GLD                               109.11 USD
2021-07-23 price VBMPX                             145.46 USD
2021-07-23 price RGAGX                             170.73 USD
2021-07-23 price ITOT                              170.56 USD
2021-07-23 price VEA                               198.24 USD
2021-07-23 price VHT                               243.10 USD
2021-07-23 price GLD                               110.40 USD
2021-07-30 price VBMPX                             143.85 USD
2021-07-30 price RGAGX                             169.37 USD
2021-07-30 price ITOT                              172.00 USD
2021-07-30 price VEA                               197.95 USD
2021-07-30 price VHT                               242.87 USD
2021-07-30 price GLD                               111.54 USD
2021-08-06 price VBMPX                             146.14 USD
2021-08-06 price RGAGX                             168.67 USD
2021-08-06 price ITOT                              171.95 USD
2021-08-06 price VEA                               192.30 USD
2021-08-06 price VHT                               242.54 USD
2021-08-06 price GLD                               111.67 USD
2021-08-13 price VBMPX                             147.32 USD
2021-08-13 price RGAGX                             170.51 USD
2021-08-13 price ITOT                              170.87 USD
2021-08-13 price VEA                               189.79 USD
2021-08-13 price VHT                               239.20 USD
2021-08-13 price GLD                               113.04 USD
2021-08-20 price VBMPX                             150.98 USD
2021-08-20 price RGAGX                             168.25 USD
2021-08-20 price ITOT                              169.28 USD
2021-08-20 price VEA                               195.37 USD
2021-08-20 price VHT                               242.17 USD
2021-08-20 price GLD                               113.30 USD
2021-08-27 price VBMPX                             150.72 USD
2021-08-27 price RGAGX                             167.42 USD
2021-08-27 price ITOT                              167.71 USD
2021-08-27 price VEA                               197.86 USD
2021-08-27 price VHT                               244.93 USD
2021-08-27 price GLD                               112.22 USD
2021-09-03 price VBMPX                             150.28 USD
2021-09-03 price RGAGX                             168.29 USD
2021-09-03 price ITOT                              168.92 USD
2021-09-03 price VEA                               200.82 USD
2021-09-03 price VHT                               246.23 USD
2021-09-03 price GLD                               112.81 USD
2021-09-10 price VBMPX                             154.97 USD
2021-09-10 price RGAGX                             169.11 USD
2021-09-10 price ITOT                              167.46 USD
2021-09-10 price VEA                               197.05 USD
2021-09-10 price VHT                               244.18 USD
2021-09-10 price GLD                               116.54 USD
2021-09-17 price VBMPX                             156.06 USD
2021-09-17 price RGAGX                             167.62 USD
2021-09-17 price ITOT                              167.36 USD
2021-09-17 price VEA                               196.36 USD
2021-09-17 price VHT                               245.91 USD
2021-09-17 price GLD                               116.71 USD
2021-09-24 price VBMPX                             151.07 USD
2021-09-24 price RGAGX                             170.59 USD
2021-09-24 price ITOT                              170.28 USD
2021-09-24 price VEA                               199.46 USD
2021-09-24 price VHT                               243.27 USD
2021-09-24 price GLD                               114.95 USD
2021-10-01 price VBMPX                             152.89 USD
2021-10-01 price RGAGX                             169.91 USD
2021-10-01 price ITOT                              171.55 USD
2021-10-01 price VEA                               199.54 USD
2021-10-01 price VHT                               241.65 USD
2021-10-01 price GLD                               114.54 USD
2021-10-08 price VBMPX                             153.40 USD
2021-10-08 price RGAGX                             171.33 USD
2021-10-08 price ITOT                              174.21 USD
2021-10-08 price VEA                               201.39 USD
2021-10-08 price VHT                               244.97 USD
2021-10-08 price GLD                               112.57 USD
2021-10-15 price VBMPX                             155.14 USD
2021-10-15 price RGAGX                             170.00 USD
2021-10-15 price ITOT                              172.32 USD
2021-10-15 price VEA                               199.59 USD
2021-10-15 price VHT                               242.78 USD
2021-10-15 price GLD                               114.10 USD
2021-10-22 price VBMPX                             152.68 USD
2021-10-22 price RGAGX                             172.71 USD
2021-10-22 price ITOT                              174.55 USD
2021-10-22 price VEA                               198.08 USD
2021-10-22 price VHT                               240.46 USD
2021-10-22 price GLD                               112.71 USD
2021-10-29 price VBMPX                             151.98 USD
2021-10-29 price RGAGX                             172.59 USD
2021-10-29 price ITOT                              175.12 USD
2021-10-29 price VEA                               194.20 USD
2021-10-29 price VHT                               246.08 USD
2021-10-29 price GLD                               110.64 USD
2021-11-05 price VBMPX                             154.97 USD
2021-11-05 price RGAGX                             174.84 USD
2021-11-05 price ITOT                              174.78 USD
2021-11-05 price VEA                               191.08 USD
2021-11-05 price VHT                               246.29 USD
2021-11-05 price GLD                               111.53 USD
2021-11-12 price VBMPX                             152.08 USD
2021-11-12 price RGAGX                             174.71 USD
2021-11-12 price ITOT                              175.53 USD
2021-11-12 price VEA                               192.42 USD
2021-11-12 price VHT                               252.88 USD
2021-11-12 price GLD                               111.62 USD
2021-11-19 price VBMPX                             149.17 USD
2021-11-19 price RGAGX                             174.35 USD
2021-11-19 price ITOT                              175.12 USD
2021-11-19 price VEA                               192.35 USD
2021-11-19 price VHT                               250.73 USD
2021-11-19 price GLD                               112.18 USD
2021-11-26 price VBMPX                             150.49 USD
2021-11-26 price RGAGX                             175.46 USD
2021-11-26 price ITOT                              175.65 USD
2021-11-26 price VEA                               188.56 USD
2021-11-26 price VHT                               252.26 USD
2021-11-26 price GLD                               112.97 USD
2021-12-03 price VBMPX                             150.47 USD
2021-12-03 price RGAGX                             177.02 USD
2021-12-03 price ITOT                              175.37 USD
2021-12-03 price VEA                               187.54 USD
2021-12-03 price VHT                               252.66 USD
2021-12-03 price GLD                               113.87 USD
2021-12-10 price VBMPX                             151.91 USD
2021-12-10 price RGAGX                             176.56 USD
2021-12-10 price ITOT                              174.10 USD
2021-12-10 price VEA                               187.68 USD
2021-12-10 price VHT                               256.37 USD
2021-12-10 price GLD                               112.09 USD
2021-12-17 price VBMPX                             152.68 USD
2021-12-17 price RGAGX                             176.62 USD
2021-12-17 price ITOT                              174.20 USD
2021-12-17 price VEA                               192.43 USD
2021-12-17 price VHT                               264.23 USD
2021-12-17 price GLD                               110.24 USD
2021-12-24 price VBMPX                             152.32 USD
2021-12-24 price RGAGX                             176.94 USD
2021-12-24 price ITOT                              175.46 USD
2021-12-24 price VEA                               190.93 USD
2021-12-24 price VHT                               273.31 USD
2021-12-24 price GLD                               110.07 USD
2021-12-31 price VBMPX                             152.96 USD
2021-12-31 price RGAGX                             177.72 USD
2021-12-31 price ITOT                              176.29 USD
2021-12-31 price VEA                               192.35 USD
2021-12-31 price VHT                               271.17 USD
2021-12-31 price GLD                               110.23 USD
2022-01-07 price VBMPX                             154.07 USD
2022-01-07 price RGAGX                             177.93 USD
2022-01-07 price ITOT                              175.66 USD
2022-01-07 price VEA                               194.50 USD
2022-01-07 price VHT                               267.65 USD
2022-01-07 price GLD                               110.30 USD
2022-01-14 price VBMPX                             157.13 USD
2022-01-14 price RGAGX                             174.91 USD
2022-01-14 price ITOT                              177.55 USD
2022-01-14 price VEA                               196.30 USD
2022-01-14 price VHT                               267.79 USD
2022-01-14 price GLD                               111.42 USD
2022-01-21 price VBMPX                             158.62 USD
2022-01-21 price RGAGX                             175.48 USD
2022-01-21 price ITOT                              178.20 USD
2022-01-21 price VEA                               198.31 USD
2022-01-21 price VHT                               264.33 USD
2022-01-21 price GLD                               110.53 USD
2022-01-28 price VBMPX                             158.80 USD
2022-01-28 price RGAGX                             172.85 USD
2022-01-28 price ITOT                              179.22 USD
2022-01-28 price VEA                               194.70 USD
2022-01-28 price VHT                               264.97 USD
2022-01-28 price GLD                               111.32 USD
2022-02-04 price VBMPX                             161.21 USD
2022-02-04 price RGAGX                             174.63 USD
2022-02-04 price ITOT                              181.53 USD
2022-02-04 price VEA                               193.49 USD
2022-02-04 price VHT                               267.08 USD
2022-02-04 price GLD                               111.50 USD
2022-02-11 price VBMPX                             158.22 USD
2022-02-11 price RGAGX                             174.91 USD
2022-02-11 price ITOT                              179.73 USD
2022-02-11 price VEA                               192.68 USD
2022-02-11 price VHT                               267.62 USD
2022-02-11 price GLD                               110.55 USD
2022-02-18 price VBMPX                             153.48 USD
2022-02-18 price RGAGX                             173.34 USD
2022-02-18 price ITOT                              178.01 USD
2022-02-18 price VEA                               190.30 USD
2022-02-18 price VHT                               261.66 USD
2022-02-18 price GLD                               109.71 USD
2022-02-25 price VBMPX                             155.46 USD
2022-02-25 price RGAGX                             174.61 USD
2022-02-25 price ITOT                              179.99 USD
2022-02-25 price VEA                               188.04 USD
2022-02-25 price VHT                               272.43 USD
2022-02-25 price GLD                               109.48 USD
2022-03-04 price VBMPX                             157.80 USD
2022-03-04 price RGAGX                             175.16 USD
2022-03-04 price ITOT                              181.70 USD
2022-03-04 price VEA                               186.05 USD
2022-03-04 price VHT                               271.25 USD
2022-03-04 price GLD                               108.79 USD
2022-03-11 price VBMPX                             159.79 USD
2022-03-11 price RGAGX                             175.96 USD
2022-03-11 price ITOT                              182.08 USD
2022-03-11 price VEA                               191.22 USD
2022-03-11 price VHT                               273.08 USD
2022-03-11 price GLD                               110.26 USD
2022-03-18 price VBMPX                             162.14 USD
2022-03-18 price RGAGX                             178.16 USD
2022-03-18 price ITOT                              183.30 USD
2022-03-18 price VEA                               196.67 USD
2022-03-18 price VHT                               276.22 USD
2022-03-18 price GLD                               108.73 USD
2022-03-25 price VBMPX                             161.92 USD
2022-03-25 price RGAGX                             177.17 USD
2022-03-25 price ITOT                              183.25 USD
2022-03-25 price VEA                               191.31 USD
2022-03-25 price VHT                               271.63 USD
2022-03-25 price GLD                               110.49 USD
2022-04-01 price VBMPX                             162.24 USD
2022-04-01 price RGAGX                             179.03 USD
2022-04-01 price ITOT                              184.20 USD
2022-04-01 price VEA                               193.39 USD
2022-04-01 price VHT                               274.06 USD
2022-04-01 price GLD                               109.89 USD
2022-04-08 price VBMPX                             163.08 USD
2022-04-08 price RGAGX                             179.67 USD
2022-04-08 price ITOT                              186.70 USD
2022-04-08 price VEA                               197.64 USD
2022-04-08 price VHT                               268.49 USD
2022-04-08 price GLD                               109.81 USD
2022-04-15 price VBMPX                             163.50 USD
2022-04-15 price RGAGX                             178.56 USD
2022-04-15 price ITOT                              185.78 USD
2022-04-15 price VEA                               197.40 USD
2022-04-15 price VHT                               274.50 USD
2022-04-15 price GLD                               108.96 USD
2022-04-22 price VBMPX                             162.53 USD
2022-04-22 price RGAGX                             179.23 USD
2022-04-22 price ITOT                              187.40 USD
2022-04-22 price VEA                               198.79 USD
2022-04-22 price VHT                               274.23 USD
2022-04-22 price GLD                               107.67 USD
2022-04-29 price VBMPX                             164.08 USD
2022-04-29 price RGAGX                             176.24 USD
2022-04-29 price ITOT                              188.49 USD
2022-04-29 price VEA                               200.46 USD
2022-04-29 price VHT                               276.34 USD
2022-04-29 price GLD                               106.72 USD
2022-05-06 price VBMPX                             167.77 USD
2022-05-06 price RGAGX                             179.06 USD
2022-05-06 price ITOT                              190.40 USD
2022-05-06 price VEA                               198.52 USD
2022-05-06 price VHT                               271.07 USD
2022-05-06 price GLD                               107.01 USD
2022-05-13 price VBMPX                             170.95 USD
2022-05-13 price RGAGX                             179.19 USD
2022-05-13 price ITOT                              190.18 USD
2022-05-13 price VEA                               197.74 USD
2022-05-13 price VHT                               275.05 USD
2022-05-13 price GLD                               107.21 USD
2022-05-20 price VBMPX                             171.47 USD
2022-05-20 price RGAGX                             180.57 USD
2022-05-20 price ITOT                              188.07 USD
2022-05-20 price VEA                               199.51 USD
2022-05-20 price VHT                               278.77 USD
2022-05-20 price GLD                               107.30 USD
2022-05-27 price VBMPX                             173.10 USD
2022-05-27 price RGAGX                             182.68 USD
2022-05-27 price ITOT                              188.73 USD
2022-05-27 price VEA                               198.48 USD
2022-05-27 price VHT                               280.60 USD
2022-05-27 price GLD                               107.50 USD
2022-06-03 price VBMPX                             171.02 USD
2022-06-03 price RGAGX                             184.96 USD
2022-06-03 price ITOT                              187.14 USD
2022-06-03 price VEA                               198.83 USD
2022-06-03 price VHT                               277.18 USD
2022-06-03 price GLD                               109.27 USD
2022-06-10 price VBMPX                             166.44 USD
2022-06-10 price RGAGX                             185.60 USD
2022-06-10 price ITOT                              183.92 USD
2022-06-10 price VEA                               199.83 USD
2022-06-10 price VHT                               275.08 USD
2022-06-10 price GLD                               106.83 USD
2022-06-17 price VBMPX                             172.21 USD
2022-06-17 price RGAGX                             181.71 USD
2022-06-17 price ITOT                              182.52 USD
2022-06-17 price VEA                               199.96 USD
2022-06-17 price VHT                               274.45 USD
2022-06-17 price GLD                               106.93 USD
2022-06-24 price VBMPX                             171.77 USD
2022-06-24 price RGAGX                             182.34 USD
2022-06-24 price ITOT                              180.88 USD
2022-06-24 price VEA                               192.70 USD
2022-06-24 price VHT                               280.33 USD
2022-06-24 price GLD                               109.57 USD



* Cash

